,Ticker_Symbol,Period_Ending,Accounts_Payable,Accounts_Receivable,Add'l_income/expense_items,After_Tax_ROE,Capital_Expenditures,Capital_Surplus,Cash_Ratio,Cash_and_Cash_Equivalents,Changes_in_Inventories,Common_Stocks,Cost_of_Revenue,Current_Ratio,Deferred_Asset_Charges,Deferred_Liability_Charges,Depreciation,Earnings_Before_Interest_and_Tax,Earnings_Before_Tax,Effect_of_Exchange_Rate,Fixed_Assets,Goodwill,Gross_Margin,Gross_Profit,Income_Tax,Intangible_Assets,Interest_Expense,Inventory,Investments,Liabilities,Long-Term_Debt,Long-Term_Investments,Net_Borrowings,Net_Cash_Flow,Net_Cash_Flow-Operating,Net_Cash_Flows-Financing,Net_Cash_Flows-Investing,Net_Income,Net_Income_Adjustments,Net_Income_Applicable_to_Common_Shareholders,Net_Income-Cont._Operations,Net_Receivables,Operating_Income,Operating_Margin,Other_Assets,Other_Current_Assets,Other_Equity,Other_Financing_Activities,Other_Investing_Activities,Other_Liabilities,Other_Operating_Activities,Pre-Tax_Margin,Pre-Tax_ROE,Profit_Margin,Quick_Ratio,Retained_Earnings,Sale_and_Purchase_of_Stock,"Sales,_General_and_Admin.",Short-Term_Debt_/_Current_Portion_of_Long-Term_Debt,Short-Term_Investments,Total_Assets,Total_Current_Assets,Total_Current_Liabilities,Total_Equity,Total_Liabilities,Total_Liabilities_&_Equity,Total_Revenue,Treasury_Stock,For_Year,Earnings_Per_Share,Estimated_Shares_Outstanding
3,AAL,2015-12-31,5102000000.0,352000000.0,-708000000.0,135.0,-6151000000.0,11591000000.0,51.0,1085000000.0,0.0,6000000.0,11096000000.0,73.0,2477000000.0,667000000.0,1487000000.0,5496000000.0,4616000000.0,0.0,27510000000.0,4091000000.0,73.0,29894000000.0,-2994000000.0,2249000000.0,880000000.0,863000000.0,443000000.0,-633000000.0,18330000000.0,0.0,2856000000.0,-604000000.0,6249000000.0,-1259000000.0,-5594000000.0,7610000000.0,-2662000000.0,7610000000.0,7610000000.0,1425000000.0,6204000000.0,15.0,2103000000.0,748000000.0,-4732000000.0,96000000.0,114000000.0,10178000000.0,95000000.0,11.0,82.0,19.0,67.0,-1230000000.0,-3846000000.0,21275000000.0,2231000000.0,5864000000.0,48415000000.0,9985000000.0,13605000000.0,5635000000.0,42780000000.0,48415000000.0,40990000000.0,0.0,2015.0,11.39,668129938.543
7,AAP,2016-01-02,3757085000.0,-21476000.0,-7484000.0,19.0,-234747000.0,603332000.0,2.0,90782000.0,-244096000.0,7000.0,5314246000.0,130.0,0.0,433925000.0,269476000.0,818296000.0,752888000.0,-4213000.0,1434577000.0,989484000.0,45.0,4422772000.0,279490000.0,687125000.0,65408000.0,4174768000.0,0.0,174667000.0,1213161000.0,0.0,-426322000.0,-13889000.0,689642000.0,-445952000.0,-253366000.0,473398000.0,30250000.0,473398000.0,473398000.0,597788000.0,825780000.0,8.0,82633000.0,77408000.0,-44059000.0,-13492000.0,-18619000.0,229354000.0,7423000.0,8.0,31.0,5.0,20.0,2021077000.0,-1491000.0,3596992000.0,598000.0,0.0,8134565000.0,4940746000.0,3797477000.0,2460648000.0,5673917000.0,8134565000.0,9737018000.0,-119709000.0,2015.0,6.45,73395038.7597
11,AAPL,2016-09-24,59321000000.0,1044000000.0,1348000000.0,36.0,-12734000000.0,0.0,85.0,20484000000.0,217000000.0,31251000000.0,131376000000.0,135.0,0.0,2930000000.0,10505000000.0,61372000000.0,61372000000.0,0.0,27010000000.0,5414000000.0,39.0,84263000000.0,15685000000.0,3206000000.0,0.0,2132000000.0,-32022000000.0,-1867000000.0,75427000000.0,170430000000.0,22057000000.0,-636000000.0,65824000000.0,-20483000000.0,-45977000000.0,45687000000.0,9148000000.0,45687000000.0,45687000000.0,29299000000.0,60024000000.0,28.0,8757000000.0,8283000000.0,634000000.0,-1570000000.0,-1221000000.0,36074000000.0,1090000000.0,28.0,48.0,21.0,133.0,96364000000.0,-29227000000.0,14194000000.0,11605000000.0,46671000000.0,321686000000.0,106869000000.0,79006000000.0,128249000000.0,193437000000.0,321686000000.0,215639000000.0,0.0,2016.0,8.35,5471497005.99
15,ABBV,2015-12-31,8463000000.0,-1076000000.0,-206000000.0,130.0,-532000000.0,13080000000.0,77.0,8399000000.0,-434000000.0,17000000.0,4500000000.0,150.0,0.0,5276000000.0,836000000.0,7331000000.0,6645000000.0,-300000000.0,2565000000.0,13168000000.0,80.0,18359000000.0,1501000000.0,19709000000.0,686000000.0,1719000000.0,29000000.0,1503000000.0,29240000000.0,145000000.0,16623000000.0,51000000.0,7535000000.0,5752000000.0,-12936000000.0,5144000000.0,1051000000.0,5144000000.0,5144000000.0,4730000000.0,7537000000.0,33.0,1149000000.0,1458000000.0,-2561000000.0,30000000.0,-12433000000.0,3695000000.0,511000000.0,29.0,168.0,23.0,134.0,2248000000.0,-7425000000.0,6387000000.0,2431000000.0,8000000.0,53050000000.0,16314000000.0,10894000000.0,3945000000.0,49105000000.0,53050000000.0,22859000000.0,-8839000000.0,2015.0,3.15,1633015873.02
19,ABC,2016-09-30,24670159000.0,-912724000.0,5048000.0,67.0,-464616000.0,4333001000.0,11.0,2741832000.0,-1107252000.0,2778000.0,142577080000.0,90.0,0.0,2214774000.0,392166000.0,1530822000.0,1390910000.0,0.0,1530682000.0,5991497000.0,3.0,4272606000.0,-37019000.0,2967849000.0,139912000.0,10723920000.0,40712000.0,3094340000.0,3870244000.0,0.0,713214000.0,574390000.0,3178497000.0,565072000.0,-3169179000.0,1427929000.0,330197000.0,1427929000.0,1427929000.0,9175876000.0,1525774000.0,1.0,314325000.0,210219000.0,-114308000.0,0.0,-2745275000.0,160470000.0,-46159000.0,1.0,65.0,1.0,48.0,2303941000.0,168903000.0,2382097000.0,611149000.0,0.0,33656200000.0,22851847000.0,25281308000.0,2129404000.0,31526796000.0,33656200000.0,146849686000.0,-4396008000.0,2016.0,6.73,212173699.85099998
23,ABT,2015-12-31,5683000000.0,-171000000.0,479000000.0,21.0,-1110000000.0,0.0,67.0,5001000000.0,-257000000.0,12734000000.0,8747000000.0,154.0,2119000000.0,0.0,1472000000.0,3346000000.0,3183000000.0,-198000000.0,5732000000.0,9638000000.0,57.0,11658000000.0,577000000.0,5562000000.0,163000000.0,2599000000.0,-821000000.0,215000000.0,5871000000.0,4041000000.0,1147000000.0,938000000.0,2966000000.0,-2236000000.0,406000000.0,4423000000.0,-2773000000.0,4423000000.0,2606000000.0,3418000000.0,2867000000.0,14.0,0.0,2013000000.0,-6658000000.0,-17000000.0,2337000000.0,4864000000.0,57000000.0,16.0,15.0,22.0,126.0,25757000000.0,-1923000000.0,6785000000.0,3130000000.0,1124000000.0,41247000000.0,14155000000.0,9186000000.0,21211000000.0,20036000000.0,41247000000.0,20405000000.0,-10622000000.0,2015.0,2.94,1504421768.71
27,ADBE,2016-12-02,866016000.0,-160416000.0,11978000.0,16.0,-203805000.0,4616331000.0,169.0,1011315000.0,0.0,61000.0,819908000.0,208.0,0.0,286791000.0,331535000.0,1505580000.0,1435138000.0,-14234000.0,816264000.0,5406474000.0,86.0,5034522000.0,266356000.0,414405000.0,70442000.0,0.0,-707801000.0,551550000.0,1902068000.0,80439000.0,-108000.0,134755000.0,2199728000.0,-1090706000.0,-960033000.0,1168782000.0,379298000.0,1168782000.0,1168782000.0,833033000.0,1493602000.0,26.0,149758000.0,245441000.0,-173602000.0,0.0,-48427000.0,281785000.0,-71021000.0,25.0,19.0,20.0,208.0,8114517000.0,-1165703000.0,2487907000.0,0.0,3749985000.0,12707114000.0,5839774000.0,2811635000.0,7424835000.0,5282279000.0,12707114000.0,5854430000.0,-5132472000.0,,,
31,ADI,2016-10-29,431396000.0,-9392000.0,17566000.0,17.0,-127397000.0,402270000.0,518.0,921132000.0,38221000.0,51363000.0,1194236000.0,635.0,62157000.0,136083000.0,209790000.0,1045678000.0,956921000.0,-2929000.0,636116000.0,1679116000.0,65.0,2227173000.0,95257000.0,549368000.0,88757000.0,376555000.0,-989183000.0,101593000.0,1732177000.0,21937000.0,857175000.0,36779000.0,1280895000.0,-22917000.0,-1218270000.0,861664000.0,88952000.0,861664000.0,861664000.0,477609000.0,1028112000.0,30.0,46721000.0,64906000.0,-73814000.0,-8787000.0,-101690000.0,153466000.0,-9933000.0,28.0,19.0,25.0,587.0,4785799000.0,-308565000.0,461438000.0,0.0,3134661000.0,7970278000.0,4974863000.0,782934000.0,5165618000.0,2804660000.0,7970278000.0,3421409000.0,0.0,2016.0,0.96,897566666.6669999
35,ADM,2015-12-31,13407000000.0,913000000.0,392000000.0,10.0,-1125000000.0,0.0,49.0,6124000000.0,872000000.0,3180000000.0,63682000000.0,162.0,0.0,1563000000.0,882000000.0,2592000000.0,2284000000.0,0.0,9853000000.0,0.0,6.0,4020000000.0,438000000.0,3688000000.0,308000000.0,8243000000.0,35000000.0,-1693000000.0,5779000000.0,4340000000.0,240000000.0,-189000000.0,2481000000.0,-2649000000.0,-21000000.0,1849000000.0,-496000000.0,1849000000.0,2239000000.0,1738000000.0,1810000000.0,3.0,447000000.0,5286000000.0,-2146000000.0,-162000000.0,1069000000.0,1395000000.0,157000000.0,3.0,13.0,3.0,101.0,16865000000.0,-2040000000.0,2010000000.0,98000000.0,438000000.0,40157000000.0,21829000000.0,13505000000.0,17899000000.0,22242000000.0,40141000000.0,67702000000.0,0.0,2015.0,2.99,618394648.829
39,ADS,2015-12-31,1010619000.0,8307000.0,0.0,30.0,-191683000.0,2981041000.0,25.0,1624601000.0,0.0,1121000.0,4482700000.0,254.0,617000.0,777420000.0,524467000.0,1261860000.0,931676000.0,-25309000.0,576706000.0,3814078000.0,30.0,1957046000.0,326248000.0,1203745000.0,330184000.0,0.0,-2899032000.0,98026000.0,10136018000.0,0.0,3009130000.0,90885000.0,1705841000.0,1772901000.0,-3362548000.0,596541000.0,638239000.0,596541000.0,596541000.0,14052456000.0,1261860000.0,20.0,576267000.0,573360000.0,-137251000.0,-205928000.0,-271833000.0,2925426000.0,-168626000.0,14.0,46.0,9.0,254.0,3092464000.0,-1020923000.0,203046000.0,1419649000.0,0.0,22421830000.0,16250417000.0,6405559000.0,2010030000.0,20411800000.0,22421830000.0,6439746000.0,-3927345000.0,2015.0,8.91,66951851.8519
43,ADSK,2016-01-31,522100000.0,-195500000.0,0.0,20.0,-72400000.0,0.0,141.0,1353000000.0,0.0,1821500000.0,370700000.0,188.0,9200000.0,518000000.0,145800000.0,1300000.0,-20300000.0,-5300000.0,169300000.0,1535000000.0,85.0,2133400000.0,310200000.0,70800000.0,21600000.0,0.0,-544100000.0,385400000.0,1487700000.0,532300000.0,748300000.0,-57600000.0,414000000.0,343200000.0,-809500000.0,-330500000.0,408100000.0,-330500000.0,-330500000.0,653600000.0,1300000.0,0.0,205600000.0,88600000.0,-121100000.0,-57900000.0,-193000000.0,299000000.0,700000.0,1.0,1.0,13.0,188.0,-80800000.0,-347200000.0,1308900000.0,0.0,897900000.0,5515300000.0,2993100000.0,1591000000.0,1619600000.0,3895700000.0,5515300000.0,2504100000.0,0.0,2016.0,-1.46,226369863.01400003
47,AEE,2015-12-31,909000000.0,83000000.0,44000000.0,9.0,-1917000000.0,5616000000.0,14.0,292000000.0,-14000000.0,2000000.0,3501000000.0,92.0,0.0,4476000000.0,896000000.0,1303000000.0,948000000.0,0.0,18799000000.0,411000000.0,43.0,2597000000.0,363000000.0,0.0,355000000.0,538000000.0,-2000000.0,-91000000.0,6880000000.0,556000000.0,664000000.0,287000000.0,2017000000.0,246000000.0,-1976000000.0,636000000.0,367000000.0,636000000.0,585000000.0,725000000.0,1259000000.0,21.0,1957000000.0,362000000.0,-3000000.0,-10000000.0,-57000000.0,3103000000.0,140000000.0,16.0,14.0,10.0,66.0,1331000000.0,-12000000.0,542000000.0,696000000.0,0.0,23640000000.0,1917000000.0,2093000000.0,6946000000.0,16694000000.0,23640000000.0,6098000000.0,0.0,2015.0,2.6,244615384.615
51,AEP,2015-12-31,2624000000.0,200200000.0,163300000.0,11.0,-4508000000.0,6296500000.0,9.0,283700000.0,-38600000.0,3324000000.0,7433500000.0,57.0,2106600000.0,12802900000.0,2154700000.0,3496800000.0,2622900000.0,0.0,46133200000.0,52500000.0,55.0,9019700000.0,919600000.0,0.0,873900000.0,1339400000.0,-60000000.0,87600000.0,17740900000.0,2428200000.0,393700000.0,13900000.0,4748700000.0,-661700000.0,-4564000000.0,2052300000.0,319200000.0,2047100000.0,1768600000.0,1640500000.0,3333500000.0,20.0,6890200000.0,422000000.0,-127100000.0,-78000000.0,4000000.0,6125900000.0,464200000.0,16.0,15.0,12.0,38.0,8398300000.0,81600000.0,3676500000.0,2718900000.0,386800000.0,61683100000.0,4072400000.0,7108500000.0,17891700000.0,43791400000.0,61683100000.0,16453200000.0,0.0,,,
55,AFL,2015-12-31,4340000000.0,147000000.0,0.0,14.0,0.0,1828000000.0,,4350000000.0,0.0,67000000.0,13049000000.0,,8511000000.0,0.0,0.0,4151000000.0,3862000000.0,0.0,427000000.0,0.0,37.0,7823000000.0,1329000000.0,0.0,289000000.0,0.0,-4811000000.0,3488000000.0,5952000000.0,102315000000.0,-18000000.0,-308000000.0,6776000000.0,-2187000000.0,-4897000000.0,2533000000.0,-140000000.0,2533000000.0,2533000000.0,705000000.0,3862000000.0,19.0,1988000000.0,0.0,625000000.0,-234000000.0,-86000000.0,90296000000.0,748000000.0,19.0,22.0,12.0,,24007000000.0,-1279000000.0,0.0,0.0,0.0,118296000000.0,0.0,0.0,17708000000.0,100588000000.0,118296000000.0,20872000000.0,-8819000000.0,2015.0,5.88,430782312.925
59,AIG,2015-12-31,0.0,1455000000.0,-767000000.0,2.0,0.0,81510000000.0,,1629000000.0,0.0,4766000000.0,36581000000.0,,31509000000.0,0.0,4629000000.0,4562000000.0,3281000000.0,-39000000.0,0.0,0.0,37.0,21746000000.0,1059000000.0,0.0,1281000000.0,0.0,8514000000.0,548000000.0,29350000000.0,330845000000.0,-2938000000.0,-129000000.0,2877000000.0,-11429000000.0,8462000000.0,2196000000.0,153000000.0,2196000000.0,2222000000.0,31864000000.0,3281000000.0,6.0,90964000000.0,0.0,2537000000.0,3228000000.0,-52000000.0,377383000000.0,-6130000000.0,6.0,4.0,4.0,,30943000000.0,-10691000000.0,16417000000.0,0.0,10132000000.0,496943000000.0,0.0,0.0,89658000000.0,407285000000.0,496943000000.0,58327000000.0,-30098000000.0,2015.0,1.69,1299408284.02
63,AIV,2015-12-31,355098000.0,619000.0,7336000.0,15.0,-536627000.0,4064659000.0,,137745000.0,0.0,1563000.0,365248000.0,,0.0,64052000.0,311487000.0,263551000.0,63866000.0,0.0,5529461000.0,0.0,63.0,616062000.0,-27524000.0,0.0,199685000.0,0.0,-429000.0,-22334000.0,0.0,0.0,-247022000.0,21818000.0,359891000.0,-167176000.0,-170897000.0,248710000.0,-201864000.0,235966000.0,91390000.0,0.0,256215000.0,26.0,473918000.0,0.0,-6040000.0,-7152000.0,359494000.0,53000.0,0.0,7.0,4.0,25.0,,-2596917000.0,339580000.0,53546000.0,3873160000.0,0.0,6144194000.0,0.0,0.0,1622391000.0,4521803000.0,6144194000.0,981310000.0,0.0,2015.0,1.52,163625000.0
67,AIZ,2016-12-31,2080962000.0,9275000.0,-23031000.0,14.0,-85233000.0,3175867000.0,,1031971000.0,4579000.0,1504000.0,5251228000.0,,3267394000.0,0.0,-269370000.0,906207000.0,848588000.0,-16146000.0,343572000.0,830956000.0,30.0,2280552000.0,283238000.0,240310000.0,57619000.0,0.0,822048000.0,192711000.0,1274033000.0,11361411000.0,-123406000.0,-256334000.0,134526000.0,-1106193000.0,725621000.0,565350000.0,-387618000.0,565350000.0,565350000.0,10321638000.0,848588000.0,11.0,2084136000.0,0.0,94602000.0,5610000.0,-11194000.0,22351325000.0,-249771000.0,11.0,21.0,8.0,,5296678000.0,-863051000.0,0.0,0.0,227740000.0,29709128000.0,0.0,0.0,4098100000.0,25611028000.0,29709128000.0,7531780000.0,-4470551000.0,,,
71,AJG,2016-12-31,3768200000.0,-240000000.0,0.0,12.0,-217800000.0,3265500000.0,,1937600000.0,0.0,178300000.0,0.0,,796500000.0,0.0,379300000.0,466700000.0,356900000.0,-21700000.0,377600000.0,3767800000.0,100.0,5594800000.0,-88100000.0,1627300000.0,109800000.0,0.0,0.0,411200000.0,5140700000.0,0.0,396800000.0,65100000.0,622100000.0,33900000.0,-569200000.0,414400000.0,-75400000.0,414400000.0,445000000.0,1844800000.0,356900000.0,6.0,1138000000.0,0.0,-763600000.0,6500000.0,-351400000.0,1343000000.0,-298000000.0,6.0,10.0,7.0,,916400000.0,-97200000.0,2538900000.0,578000000.0,0.0,11489600000.0,0.0,0.0,3596600000.0,7893000000.0,11489600000.0,5594800000.0,0.0,,,
75,AKAM,2015-12-31,278148000.0,-56247000.0,8999000.0,10.0,-311676000.0,4437420000.0,225.0,289473000.0,0.0,1772000.0,725620000.0,377.0,4700000.0,17051000.0,318088000.0,475149000.0,456624000.0,-10036000.0,753180000.0,1150244000.0,67.0,1471828000.0,135218000.0,156095000.0,18525000.0,0.0,153060000.0,54503000.0,624288000.0,774674000.0,0.0,50823000.0,764151000.0,-267728000.0,-435564000.0,321406000.0,107278000.0,321406000.0,321406000.0,380399000.0,466150000.0,21.0,95844000.0,123228000.0,-41453000.0,-56214000.0,-276948000.0,93268000.0,19123000.0,21.0,15.0,15.0,377.0,-1276861000.0,-240815000.0,829253000.0,0.0,460088000.0,4187925000.0,1253188000.0,332440000.0,3120878000.0,1067047000.0,4187925000.0,2197448000.0,0.0,2015.0,1.8,178558888.88900003
79,ALB,2015-12-31,810634000.0,-8788000.0,48474000.0,10.0,-227649000.0,2059151000.0,13.0,213734000.0,27649000.0,1122000.0,2454463000.0,113.0,0.0,736317000.0,260076000.0,490909000.0,358187000.0,2154000.0,2484738000.0,2893811000.0,33.0,1196872000.0,29122000.0,1733047000.0,132722000.0,508728000.0,3154000.0,-73151000.0,3174674000.0,455417000.0,-376241000.0,-2276034000.0,360689000.0,-478325000.0,-2160552000.0,334906000.0,-160791000.0,334906000.0,360064000.0,632705000.0,442435000.0,12.0,216998000.0,475836000.0,-421288000.0,-5431000.0,-1936057000.0,686025000.0,-44370000.0,10.0,11.0,9.0,82.0,1615407000.0,-4267000.0,512274000.0,677345000.0,0.0,9615014000.0,1831003000.0,1616685000.0,3254392000.0,6360622000.0,9615014000.0,3651335000.0,0.0,2015.0,3.01,111264451.827
83,ALK,2015-12-31,1022000000.0,47000000.0,22000000.0,35.0,-831000000.0,73000000.0,74.0,73000000.0,0.0,1000000.0,1935000000.0,92.0,0.0,1113000000.0,320000000.0,1320000000.0,1312000000.0,0.0,4802000000.0,0.0,65.0,3663000000.0,464000000.0,0.0,8000000.0,51000000.0,-152000000.0,131000000.0,571000000.0,0.0,-116000000.0,-34000000.0,1584000000.0,-688000000.0,-930000000.0,848000000.0,25000000.0,848000000.0,848000000.0,212000000.0,1298000000.0,23.0,68000000.0,72000000.0,-303000000.0,35000000.0,53000000.0,632000000.0,213000000.0,23.0,54.0,15.0,89.0,2890000000.0,-505000000.0,2013000000.0,115000000.0,1255000000.0,6533000000.0,1663000000.0,1806000000.0,2411000000.0,4122000000.0,6533000000.0,5598000000.0,-250000000.0,2015.0,6.61,128290468.986
87,ALL,2015-12-31,0.0,-312000000.0,3000000.0,11.0,-303000000.0,3245000000.0,,495000000.0,0.0,9000000.0,22837000000.0,,3861000000.0,90000000.0,371000000.0,3574000000.0,3282000000.0,0.0,1024000000.0,1219000000.0,36.0,12816000000.0,1111000000.0,0.0,292000000.0,0.0,1045000000.0,1111000000.0,5124000000.0,76205000000.0,-20000000.0,-162000000.0,3616000000.0,-4520000000.0,742000000.0,2171000000.0,728000000.0,2055000000.0,2171000000.0,14062000000.0,3279000000.0,9.0,5668000000.0,0.0,-768000000.0,-1223000000.0,0.0,79417000000.0,-453000000.0,9.0,16.0,6.0,,39413000000.0,-2678000000.0,761000000.0,0.0,2122000000.0,104656000000.0,0.0,0.0,20025000000.0,84631000000.0,104656000000.0,35653000000.0,-23620000000.0,2015.0,5.12,424023437.5
91,ALLE,2016-12-31,381400000.0,-19800000.0,-66200000.0,202.0,-42500000.0,0.0,73.0,312400000.0,-15600000.0,1000000.0,1252700000.0,193.0,72300000.0,118700000.0,66900000.0,359300000.0,295000000.0,-4800000.0,226600000.0,716800000.0,44.0,985300000.0,63800000.0,357400000.0,64300000.0,220600000.0,14100000.0,-32500000.0,1415600000.0,0.0,-64400000.0,112700000.0,377500000.0,-196000000.0,-64000000.0,229100000.0,85300000.0,229100000.0,231200000.0,271900000.0,425500000.0,19.0,45000000.0,24400000.0,-264300000.0,-3300000.0,-35600000.0,167100000.0,62000000.0,13.0,260.0,10.0,142.0,376600000.0,-79300000.0,559800000.0,48200000.0,0.0,2247400000.0,829300000.0,429600000.0,113300000.0,2134100000.0,2247400000.0,2238000000.0,0.0,,,
95,ALXN,2016-12-31,572000000.0,-122000000.0,6000000.0,5.0,-333000000.0,7957000000.0,157.0,966000000.0,-84000000.0,0.0,258000000.0,313.0,0.0,396000000.0,396000000.0,673000000.0,576000000.0,-7000000.0,1036000000.0,5037000000.0,92.0,2826000000.0,177000000.0,4303000000.0,97000000.0,375000000.0,47000000.0,167000000.0,3121000000.0,0.0,-375000000.0,-44000000.0,1086000000.0,-836000000.0,-287000000.0,399000000.0,427000000.0,399000000.0,399000000.0,650000000.0,667000000.0,22.0,299000000.0,260000000.0,60000000.0,-68000000.0,-1000000.0,219000000.0,-97000000.0,19.0,7.0,13.0,268.0,1818000000.0,-393000000.0,990000000.0,167000000.0,327000000.0,13253000000.0,2578000000.0,823000000.0,8694000000.0,4559000000.0,13253000000.0,3084000000.0,-1141000000.0,,,
99,AMAT,2016-10-30,2056000000.0,-542000000.0,16000000.0,24.0,-253000000.0,6809000000.0,103.0,3406000000.0,-216000000.0,11000000.0,6314000000.0,230.0,478000000.0,0.0,389000000.0,2168000000.0,2013000000.0,0.0,937000000.0,3316000000.0,42.0,4511000000.0,292000000.0,575000000.0,155000000.0,2050000000.0,-156000000.0,847000000.0,3143000000.0,929000000.0,-1207000000.0,-1391000000.0,2466000000.0,-3432000000.0,-425000000.0,1721000000.0,237000000.0,1721000000.0,1721000000.0,2279000000.0,2152000000.0,20.0,0.0,275000000.0,-115000000.0,0.0,-16000000.0,596000000.0,30000000.0,19.0,28.0,16.0,174.0,15252000000.0,-1804000000.0,819000000.0,200000000.0,343000000.0,14588000000.0,8353000000.0,3632000000.0,7217000000.0,7371000000.0,14588000000.0,10825000000.0,-14740000000.0,2016.0,1.56,1103205128.21
103,AME,2015-12-31,639097000.0,-6995000.0,-9541000.0,18.0,-69083000.0,568286000.0,37.0,381005000.0,-12007000.0,2608000.0,2549280000.0,158.0,0.0,624046000.0,149460000.0,898175000.0,806380000.0,-26629000.0,484548000.0,2706633000.0,36.0,1425015000.0,215521000.0,1672961000.0,91795000.0,514451000.0,0.0,-75009000.0,1556045000.0,180775000.0,244754000.0,3390000.0,672540000.0,-216964000.0,-425557000.0,590859000.0,30220000.0,590859000.0,590859000.0,650019000.0,907716000.0,23.0,0.0,74138000.0,-405631000.0,0.0,-356474000.0,204641000.0,-3988000.0,20.0,25.0,15.0,108.0,3974793000.0,-396208000.0,448592000.0,386075000.0,0.0,6664530000.0,1619613000.0,1025172000.0,3254626000.0,3409904000.0,6664530000.0,3974295000.0,-885430000.0,2015.0,2.46,240186585.366
107,AMG,2015-12-31,0.0,56100000.0,15300000.0,18.0,-38200000.0,597200000.0,,563800000.0,0.0,600000.0,0.0,,0.0,565700000.0,142300000.0,1139200000.0,1090600000.0,-13000000.0,114100000.0,2668400000.0,100.0,2435900000.0,256900000.0,1686400000.0,48600000.0,0.0,-286300000.0,-42000000.0,1894800000.0,2286300000.0,17800000.0,13200000.0,1204800000.0,-854100000.0,-324500000.0,516000000.0,208500000.0,516000000.0,804900000.0,391200000.0,786400000.0,32.0,74600000.0,0.0,-18100000.0,35900000.0,0.0,942700000.0,6200000.0,45.0,38.0,21.0,,2679300000.0,-476400000.0,1515300000.0,0.0,0.0,7784800000.0,0.0,0.0,2837100000.0,4947700000.0,7784800000.0,2435900000.0,-421900000.0,2015.0,9.49,54373024.236
111,AMGN,2016-12-31,6801000000.0,-214000000.0,629000000.0,26.0,-738000000.0,0.0,340.0,3241000000.0,-80000000.0,30784000000.0,4162000000.0,411.0,0.0,2436000000.0,2105000000.0,10423000000.0,9163000000.0,0.0,4961000000.0,14751000000.0,82.0,18829000000.0,1441000000.0,10279000000.0,1260000000.0,2745000000.0,-7677000000.0,423000000.0,30193000000.0,0.0,3593000000.0,-903000000.0,10354000000.0,-2599000000.0,-8658000000.0,7722000000.0,526000000.0,7722000000.0,7722000000.0,3165000000.0,9794000000.0,43.0,1625000000.0,2015000000.0,-471000000.0,-284000000.0,-243000000.0,3918000000.0,-128000000.0,40.0,31.0,34.0,386.0,-438000000.0,-2910000000.0,5195000000.0,4403000000.0,34844000000.0,77626000000.0,46010000000.0,11204000000.0,29875000000.0,47751000000.0,77626000000.0,22991000000.0,0.0,,,
115,AMP,2015-12-31,1606000000.0,-277000000.0,0.0,22.0,-133000000.0,7611000000.0,,5808000000.0,0.0,3000000.0,2261000000.0,,2725000000.0,0.0,248000000.0,2559000000.0,2142000000.0,-21000000.0,0.0,0.0,81.0,9939000000.0,455000000.0,0.0,417000000.0,0.0,-392000000.0,576000000.0,2907000000.0,40714000000.0,1151000000.0,-281000000.0,2572000000.0,-2318000000.0,-514000000.0,1562000000.0,-116000000.0,1562000000.0,1687000000.0,5274000000.0,2559000000.0,21.0,90821000000.0,0.0,390000000.0,-1119000000.0,11000000.0,132424000000.0,454000000.0,18.0,30.0,13.0,,9551000000.0,-1470000000.0,3750000000.0,200000000.0,0.0,145342000000.0,0.0,0.0,7217000000.0,138125000000.0,145342000000.0,12200000000.0,-10338000000.0,2015.0,8.6,181627906.977
119,AMT,2015-12-31,938826000.0,-56312000.0,-186878000.0,10.0,-728753000.0,9690609000.0,39.0,462879000.0,0.0,4267000.0,1308868000.0,83.0,1378796000.0,0.0,1292260000.0,1425911000.0,829962000.0,-23224000.0,9866424000.0,4091805000.0,73.0,3462648000.0,157955000.0,9837876000.0,595949000.0,0.0,9504000.0,150984000.0,17068807000.0,732903000.0,1789103000.0,7194000.0,2183052000.0,5589101000.0,-7741735000.0,685074000.0,354073000.0,594911000.0,685074000.0,227354000.0,1612789000.0,34.0,0.0,306235000.0,-1836996000.0,-85672000.0,-7022486000.0,1922618000.0,-229960000.0,17.0,12.0,14.0,83.0,-998535000.0,4711190000.0,564531000.0,50202000.0,0.0,26904272000.0,996468000.0,1200029000.0,6651679000.0,20252593000.0,26904272000.0,4771516000.0,-207740000.0,2015.0,1.42,482446478.873
123,AMZN,2016-12-31,39048000000.0,-3367000000.0,190000000.0,12.0,-6737000000.0,17186000000.0,59.0,19334000000.0,-1426000000.0,5000000.0,88265000000.0,104.0,0.0,0.0,8116000000.0,4376000000.0,3892000000.0,-212000000.0,29114000000.0,3784000000.0,35.0,47722000000.0,1425000000.0,0.0,484000000.0,11461000000.0,-3023000000.0,18685000000.0,7694000000.0,0.0,-3740000000.0,3444000000.0,16443000000.0,-2911000000.0,-9876000000.0,2371000000.0,2040000000.0,2371000000.0,2371000000.0,8339000000.0,4186000000.0,3.0,4723000000.0,0.0,-985000000.0,0.0,-116000000.0,12607000000.0,-9976000000.0,3.0,20.0,2.0,78.0,4916000000.0,0.0,43536000000.0,0.0,6647000000.0,83402000000.0,45781000000.0,43816000000.0,19285000000.0,64117000000.0,83402000000.0,135987000000.0,-1837000000.0,,,
127,AN,2016-12-31,2612500000.0,-99300000.0,4800000.0,19.0,-244500000.0,18200000.0,1.0,64800000.0,259100000.0,1200000.0,18295800000.0,81.0,0.0,91500000.0,148800000.0,894300000.0,702300000.0,0.0,2843200000.0,1511300000.0,15.0,3313200000.0,270600000.0,598200000.0,192000000.0,3520100000.0,-5000000.0,-158400000.0,1611100000.0,0.0,315800000.0,-9300000.0,516000000.0,-35600000.0,-489700000.0,430500000.0,-29800000.0,430500000.0,431700000.0,1032900000.0,889500000.0,4.0,392500000.0,97000000.0,0.0,0.0,-240200000.0,217900000.0,-33600000.0,3.0,30.0,2.0,20.0,3133300000.0,-505800000.0,2280300000.0,2649900000.0,0.0,10060000000.0,4714800000.0,5829200000.0,2310300000.0,7749700000.0,10060000000.0,21609000000.0,-842400000.0,,,
131,ANTM,2015-12-31,4619700000.0,-42900000.0,9300000.0,11.0,-638200000.0,8555600000.0,,2113500000.0,0.0,2600000.0,61116900000.0,,0.0,2630600000.0,907900000.0,5284000000.0,4631000000.0,-5300000.0,2019800000.0,17562200000.0,23.0,18039600000.0,2071000000.0,8158000000.0,653000000.0,0.0,-120500000.0,735500000.0,15864500000.0,22482400000.0,-892300000.0,-38200000.0,4116000000.0,-2997400000.0,-1151500000.0,2560000000.0,-79100000.0,2560000000.0,2560000000.0,7340800000.0,4631000000.0,6.0,2041100000.0,0.0,-292600000.0,-118700000.0,-392800000.0,15558900000.0,34600000.0,6.0,20.0,3.0,,14778500000.0,-1329800000.0,12534800000.0,540000000.0,0.0,61717800000.0,0.0,0.0,23044100000.0,38673700000.0,61717800000.0,79156500000.0,0.0,2015.0,9.73,263103802.67200002
135,AON,2015-12-31,1772000000.0,516000000.0,114000000.0,23.0,-290000000.0,5409000000.0,,384000000.0,0.0,3000000.0,0.0,,141000000.0,176000000.0,543000000.0,1962000000.0,1689000000.0,-172000000.0,765000000.0,8448000000.0,100.0,11682000000.0,267000000.0,2180000000.0,273000000.0,0.0,-37000000.0,-976000000.0,5737000000.0,0.0,253000000.0,10000000.0,2009000000.0,-1689000000.0,-138000000.0,1385000000.0,36000000.0,1385000000.0,1422000000.0,2734000000.0,1848000000.0,16.0,12156000000.0,0.0,-3423000000.0,0.0,189000000.0,13316000000.0,468000000.0,14.0,28.0,12.0,,4117000000.0,-1619000000.0,9834000000.0,562000000.0,356000000.0,27164000000.0,0.0,0.0,6106000000.0,21058000000.0,27164000000.0,11682000000.0,0.0,2015.0,4.93,280933062.88
139,APA,2015-12-31,618000000.0,663000000.0,-17000000.0,917.0,-5178000000.0,12467000000.0,80.0,1467000000.0,21000000.0,257000000.0,2065000000.0,204.0,971000000.0,1072000000.0,29517000000.0,-27927000000.0,-28226000000.0,0.0,14119000000.0,0.0,68.0,4318000000.0,-5469000000.0,0.0,299000000.0,570000000.0,1245000000.0,-507000000.0,8777000000.0,0.0,-2509000000.0,698000000.0,2984000000.0,-2962000000.0,676000000.0,-23528000000.0,-2835000000.0,-23119000000.0,-22757000000.0,1253000000.0,-27910000000.0,437.0,0.0,462000000.0,-116000000.0,53000000.0,4609000000.0,2924000000.0,-347000000.0,442.0,1100.0,369.0,173.0,-7153000000.0,0.0,791000000.0,0.0,0.0,18842000000.0,3752000000.0,1841000000.0,2566000000.0,16276000000.0,18842000000.0,6383000000.0,-2889000000.0,2015.0,-61.2,384444444.444
143,APC,2016-12-31,3157000000.0,677000000.0,-340000000.0,25.0,-3505000000.0,11875000000.0,96.0,3184000000.0,0.0,57000000.0,2900000000.0,158.0,0.0,4324000000.0,4301000000.0,-2939000000.0,-3829000000.0,-1000000.0,32168000000.0,0.0,63.0,4969000000.0,-1021000000.0,5904000000.0,890000000.0,0.0,-1740000000.0,-669000000.0,15281000000.0,0.0,-1226000000.0,2245000000.0,3000000000.0,2008000000.0,-2762000000.0,-3071000000.0,1415000000.0,-3071000000.0,-3071000000.0,1728000000.0,-2599000000.0,33.0,2226000000.0,354000000.0,-391000000.0,388000000.0,2483000000.0,7134000000.0,84000000.0,49.0,31.0,39.0,158.0,1704000000.0,3313000000.0,2094000000.0,42000000.0,0.0,45564000000.0,5266000000.0,3328000000.0,12212000000.0,33352000000.0,45564000000.0,7869000000.0,-1033000000.0,,,
147,APD,2016-09-30,1957200000.0,-73900000.0,-6900000.0,9.0,-1055800000.0,970000000.0,46.0,1501300000.0,32900000.0,249400000.0,6402700000.0,131.0,0.0,767100000.0,925900000.0,2247700000.0,2132200000.0,7500000.0,10074400000.0,1150200000.0,33.0,3121700000.0,586500000.0,488000000.0,115500000.0,619900000.0,0.0,57000000.0,4918100000.0,1288100000.0,331200000.0,1294900000.0,2707400000.0,-271100000.0,-972000000.0,631100000.0,1140100000.0,631100000.0,1545700000.0,2077100000.0,2106000000.0,22.0,737300000.0,119000000.0,-2388300000.0,-43900000.0,83800000.0,1873400000.0,-213000000.0,22.0,30.0,7.0,113.0,10475500000.0,141300000.0,797600000.0,1307100000.0,0.0,18055300000.0,4317300000.0,3283300000.0,7079600000.0,10975700000.0,18055300000.0,9524400000.0,-2227000000.0,2016.0,2.92,216130136.98599997
151,APH,2015-12-31,1008100000.0,-22300000.0,16400000.0,24.0,-172100000.0,783300000.0,175.0,1737200000.0,-5200000.0,300000.0,3789200000.0,382.0,0.0,0.0,171600000.0,1121100000.0,1052800000.0,-54800000.0,609500000.0,2692900000.0,32.0,1779500000.0,280500000.0,306000000.0,68300000.0,851800000.0,335900000.0,35400000.0,2813200000.0,0.0,153600000.0,768300000.0,1030500000.0,-180100000.0,-27300000.0,763500000.0,28000000.0,763500000.0,763500000.0,1104600000.0,1104700000.0,20.0,0.0,133200000.0,-349500000.0,0.0,-191100000.0,358400000.0,50700000.0,19.0,33.0,14.0,297.0,2804400000.0,-184500000.0,669100000.0,300000.0,23200000.0,7458400000.0,3850000000.0,1008400000.0,3238500000.0,4219900000.0,7458400000.0,5568700000.0,0.0,2015.0,2.47,309109311.741
155,ARNC,2015-12-31,3978000000.0,212000000.0,-2000000.0,3.0,-1180000000.0,10019000000.0,37.0,1919000000.0,-64000000.0,1391000000.0,18069000000.0,153.0,2668000000.0,0.0,1280000000.0,746000000.0,248000000.0,-39000000.0,14815000000.0,5401000000.0,20.0,4465000000.0,445000000.0,0.0,498000000.0,3442000000.0,-94000000.0,-1199000000.0,9044000000.0,1685000000.0,-145000000.0,42000000.0,1582000000.0,-441000000.0,-1060000000.0,-322000000.0,1874000000.0,-322000000.0,-322000000.0,1862000000.0,748000000.0,3.0,4006000000.0,730000000.0,-5431000000.0,0.0,214000000.0,8142000000.0,-324000000.0,1.0,2.0,1.0,87.0,8834000000.0,27000000.0,979000000.0,59000000.0,0.0,36528000000.0,7953000000.0,5211000000.0,12046000000.0,24482000000.0,36528000000.0,22534000000.0,-2825000000.0,2015.0,-0.31,1038709677.42
159,ATVI,2015-12-31,909000000.0,-40000000.0,0.0,11.0,-111000000.0,10242000000.0,70.0,1823000000.0,-54000000.0,0.0,1585000000.0,130.0,275000000.0,10000000.0,501000000.0,1319000000.0,1121000000.0,-366000000.0,189000000.0,7095000000.0,66.0,3079000000.0,229000000.0,562000000.0,198000000.0,128000000.0,0.0,181000000.0,4079000000.0,9000000.0,-48000000.0,-3025000000.0,1192000000.0,-135000000.0,-3716000000.0,892000000.0,41000000.0,892000000.0,892000000.0,679000000.0,1319000000.0,28.0,3734000000.0,749000000.0,-633000000.0,-83000000.0,-3605000000.0,483000000.0,-329000000.0,24.0,14.0,19.0,125.0,4096000000.0,106000000.0,1114000000.0,0.0,8000000.0,15251000000.0,3387000000.0,2611000000.0,8068000000.0,7183000000.0,15251000000.0,4664000000.0,-5637000000.0,2015.0,1.21,737190082.645
163,AVB,2015-12-31,471347000.0,0.0,152008000.0,8.0,-1625191000.0,10068532000.0,,400507000.0,0.0,1370000.0,0.0,,37577000.0,0.0,475854000.0,919209000.0,743594000.0,0.0,15942309000.0,0.0,100.0,1856028000.0,1861000.0,0.0,175615000.0,0.0,102599000.0,23113000.0,6555750000.0,216919000.0,14782000.0,-108953000.0,1056754000.0,33810000.0,-1199517000.0,741733000.0,-184892000.0,742038000.0,741733000.0,0.0,697183000.0,38.0,229172000.0,0.0,-31387000.0,0.0,323075000.0,553000.0,946000.0,40.0,8.0,40.0,,-197989000.0,674686000.0,691464000.0,53132000.0,104821000.0,16931305000.0,0.0,0.0,9840526000.0,7090779000.0,16931305000.0,1856028000.0,0.0,2015.0,5.54,133886823.105
165,AVGO,2016-10-30,1778000000.0,-491000000.0,-113000000.0,10.0,-723000000.0,0.0,101.0,3097000000.0,996000000.0,19241000000.0,7300000000.0,231.0,0.0,0.0,3078000000.0,-522000000.0,-1107000000.0,0.0,2509000000.0,24732000000.0,45.0,5940000000.0,642000000.0,15068000000.0,585000000.0,1400000000.0,46000000.0,196000000.0,13188000000.0,0.0,8193000000.0,1275000000.0,3411000000.0,7704000000.0,-9840000000.0,-1861000000.0,1711000000.0,-1739000000.0,-1749000000.0,2181000000.0,-409000000.0,3.0,532000000.0,447000000.0,-134000000.0,0.0,-9163000000.0,11824000000.0,-218000000.0,8.0,6.0,14.0,186.0,-215000000.0,295000000.0,806000000.0,454000000.0,0.0,49966000000.0,7125000000.0,3078000000.0,18892000000.0,31074000000.0,49966000000.0,13240000000.0,0.0,,,
169,AVY,2016-01-02,1363800000.0,-135900000.0,-68300000.0,28.0,-135800000.0,834000000.0,11.0,158800000.0,-34400000.0,124100000.0,4321100000.0,122.0,372200000.0,107900000.0,188300000.0,469400000.0,408900000.0,-11900000.0,847900000.0,686200000.0,28.0,1645800000.0,134500000.0,45800000.0,60500000.0,478700000.0,-500000.0,29800000.0,963600000.0,0.0,-105800000.0,-48400000.0,473700000.0,-367300000.0,-142900000.0,274300000.0,135100000.0,274300000.0,274400000.0,995600000.0,537700000.0,9.0,406200000.0,142300000.0,-683000000.0,-100000.0,-6600000.0,637400000.0,16500000.0,7.0,42.0,5.0,89.0,2277600000.0,-128300000.0,1108100000.0,95300000.0,0.0,4133700000.0,1775400000.0,1459100000.0,965700000.0,3168000000.0,4133700000.0,5966900000.0,-1587000000.0,2015.0,3.01,91129568.1063
173,AWK,2015-12-31,707000000.0,-84000000.0,18000000.0,9.0,-1160000000.0,6351000000.0,4.0,66000000.0,0.0,2000000.0,1404000000.0,43.0,0.0,2334000000.0,440000000.0,782000000.0,782000000.0,0.0,13933000000.0,1302000000.0,56.0,1755000000.0,306000000.0,0.0,0.0,38000000.0,-197000000.0,23000000.0,6211000000.0,0.0,608000000.0,22000000.0,1179000000.0,308000000.0,-1465000000.0,476000000.0,333000000.0,476000000.0,476000000.0,522000000.0,1075000000.0,34.0,1349000000.0,31000000.0,-88000000.0,26000000.0,-108000000.0,2102000000.0,-9000000.0,25.0,15.0,15.0,40.0,-1073000000.0,-87000000.0,243000000.0,682000000.0,0.0,17241000000.0,657000000.0,1533000000.0,5049000000.0,12180000000.0,17229000000.0,3159000000.0,-143000000.0,2015.0,2.66,178947368.42099997
177,AXP,2015-12-31,11822000000.0,-673000000.0,0.0,25.0,-1341000000.0,13348000000.0,,26263000000.0,0.0,194000000.0,475000000.0,,0.0,0.0,1043000000.0,9086000000.0,7938000000.0,-276000000.0,4108000000.0,0.0,0.0,0.0,2775000000.0,0.0,1148000000.0,0.0,-6577000000.0,653000000.0,0.0,62558000000.0,-8289000000.0,474000000.0,10972000000.0,-2029000000.0,-8193000000.0,5163000000.0,2728000000.0,5163000000.0,5163000000.0,61687000000.0,0.0,0.0,10069000000.0,0.0,-2534000000.0,10878000000.0,-275000000.0,20819000000.0,2058000000.0,23.0,38.0,15.0,,9665000000.0,-3446000000.0,22892000000.0,4812000000.0,258000000.0,161184000000.0,0.0,0.0,20673000000.0,140511000000.0,161184000000.0,34441000000.0,0.0,2015.0,,
181,AYI,2016-08-31,672300000.0,-94600000.0,1600000.0,18.0,-83700000.0,856400000.0,61.0,413200000.0,-24000000.0,500000.0,1855100000.0,197.0,5100000.0,74600000.0,62600000.0,476800000.0,444600000.0,-4000000.0,267800000.0,947800000.0,44.0,1436200000.0,153800000.0,381400000.0,32200000.0,295200000.0,0.0,125900000.0,355000000.0,0.0,2500000.0,-343600000.0,345700000.0,19400000.0,-704700000.0,290800000.0,-1900000.0,290800000.0,290800000.0,572800000.0,475200000.0,14.0,23000000.0,41700000.0,-139400000.0,0.0,-621000000.0,186100000.0,-13100000.0,14.0,27.0,9.0,153.0,1360900000.0,14200000.0,946000000.0,200000.0,0.0,2948000000.0,1322900000.0,672500000.0,1659800000.0,1288200000.0,2948000000.0,3291300000.0,-418600000.0,2016.0,6.67,43598200.8996
185,AZO,2016-08-27,4690320000.0,-41447000.0,0.0,69.0,-488791000.0,1054647000.0,4.0,189734000.0,-227518000.0,303000.0,5026940000.0,90.0,36855000.0,284500000.0,305377000.0,2060395000.0,1912714000.0,-4272000.0,3733254000.0,391887000.0,53.0,5608736000.0,671707000.0,0.0,147681000.0,3631916000.0,-9698000.0,321320000.0,4924119000.0,0.0,263580000.0,14425000.0,1577329000.0,-1052797000.0,-505835000.0,1241007000.0,-31608000.0,1241007000.0,1241007000.0,287680000.0,2060395000.0,19.0,198218000.0,130243000.0,-307529000.0,-7935000.0,-7346000.0,488386000.0,10198000.0,18.0,107.0,12.0,13.0,-1602186000.0,-1372173000.0,3548341000.0,0.0,0.0,8599787000.0,4239573000.0,4690320000.0,-1787538000.0,10387325000.0,8599787000.0,10635676000.0,-932773000.0,2016.0,41.52,29889378.6127
189,BA,2016-12-31,49750000000.0,-584000000.0,33000000.0,599.0,-2613000000.0,4762000000.0,20.0,8801000000.0,3755000000.0,5061000000.0,80790000000.0,125.0,332000000.0,1338000000.0,1910000000.0,5874000000.0,5568000000.0,-33000000.0,12807000000.0,5324000000.0,15.0,13781000000.0,673000000.0,2540000000.0,306000000.0,43199000000.0,-510000000.0,130000000.0,9568000000.0,5090000000.0,-34000000.0,-2501000000.0,10499000000.0,-9587000000.0,-3380000000.0,4895000000.0,649000000.0,4895000000.0,4895000000.0,9260000000.0,5834000000.0,6.0,1416000000.0,0.0,-13623000000.0,-117000000.0,-257000000.0,28080000000.0,-256000000.0,6.0,682.0,5.0,38.0,40714000000.0,-6680000000.0,3313000000.0,384000000.0,1228000000.0,89997000000.0,62488000000.0,50134000000.0,817000000.0,89180000000.0,89997000000.0,94571000000.0,-36097000000.0,,,
193,BAC,2015-12-31,146286000000.0,0.0,0.0,6.0,0.0,0.0,,612987000000.0,0.0,151042000000.0,2204000000.0,,0.0,0.0,4861000000.0,31842000000.0,22154000000.0,-597000000.0,9485000000.0,69761000000.0,0.0,0.0,6266000000.0,3768000000.0,8345000000.0,0.0,-56263000000.0,730000000.0,105413000000.0,1534829000000.0,-26755000000.0,20764000000.0,27730000000.0,48585000000.0,-54954000000.0,15888000000.0,3340000000.0,14405000000.0,16149000000.0,58312000000.0,0.0,0.0,108582000000.0,0.0,-5674000000.0,78324000000.0,1309000000.0,0.0,-381000000.0,24.0,9.0,17.0,,88564000000.0,590000000.0,56358000000.0,202389000000.0,7744000000.0,2144316000000.0,0.0,0.0,256205000000.0,1888111000000.0,2144316000000.0,93056000000.0,0.0,,,
197,BAX,2015-12-31,3119000000.0,-4000000.0,105000000.0,11.0,-911000000.0,5902000000.0,128.0,2213000000.0,-118000000.0,683000000.0,5822000000.0,205.0,0.0,0.0,759000000.0,554000000.0,428000000.0,-195000000.0,4386000000.0,2687000000.0,42.0,4146000000.0,35000000.0,1349000000.0,126000000.0,1604000000.0,0.0,236000000.0,3935000000.0,0.0,2517000000.0,-712000000.0,1647000000.0,-357000000.0,-1807000000.0,968000000.0,-282000000.0,968000000.0,393000000.0,1731000000.0,449000000.0,5.0,757000000.0,1100000000.0,224000000.0,-2164000000.0,-896000000.0,2425000000.0,-430000000.0,4.0,5.0,10.0,177.0,9683000000.0,200000000.0,3094000000.0,2585000000.0,5148000000.0,20975000000.0,11796000000.0,5750000000.0,8846000000.0,12129000000.0,20975000000.0,9968000000.0,-7646000000.0,2015.0,1.78,543820224.719
201,BBBY,2016-02-27,1569295000.0,0.0,0.0,33.0,-328395000.0,1884813000.0,32.0,515573000.0,-121748000.0,3377000.0,7483577000.0,205.0,0.0,499368000.0,273947000.0,1414903000.0,1327445000.0,-7801000.0,1725043000.0,487169000.0,38.0,4620310000.0,485956000.0,0.0,87458000.0,2848119000.0,52763000.0,-64362000.0,1500000000.0,71289000.0,-7646000.0,-360001000.0,1012184000.0,-1088752000.0,-275632000.0,841489000.0,113990000.0,841489000.0,841489000.0,0.0,1414903000.0,12.0,389477000.0,376073000.0,-54998000.0,0.0,0.0,72807000.0,-31132000.0,11.0,52.0,7.0,52.0,10394865000.0,-1091476000.0,3205407000.0,0.0,86197000.0,6498940000.0,3825962000.0,1867225000.0,2559540000.0,3939400000.0,6498940000.0,12103887000.0,-9668517000.0,2015.0,5.15,163395922.33
205,BBT,2015-12-31,6121000000.0,0.0,0.0,8.0,0.0,8365000000.0,,47538000000.0,0.0,3902000000.0,233000000.0,,0.0,0.0,461000000.0,3419000000.0,2917000000.0,0.0,2007000000.0,8548000000.0,0.0,0.0,794000000.0,686000000.0,502000000.0,0.0,-3082000000.0,263000000.0,0.0,180689000000.0,-1143000000.0,1386000000.0,2915000000.0,109000000.0,-1638000000.0,2084000000.0,14000000.0,1936000000.0,2084000000.0,0.0,0.0,0.0,14306000000.0,0.0,-1028000000.0,2189000000.0,1444000000.0,0.0,-368000000.0,28.0,11.0,20.0,,13464000000.0,0.0,5996000000.0,3593000000.0,0.0,209947000000.0,0.0,0.0,27306000000.0,182641000000.0,209947000000.0,10346000000.0,0.0,2015.0,2.59,804633204.633
209,BBY,2016-01-30,5764000000.0,123000000.0,15000000.0,20.0,-649000000.0,0.0,47.0,1976000000.0,86000000.0,32000000.0,30337000000.0,143.0,0.0,0.0,657000000.0,1390000000.0,1310000000.0,-38000000.0,2377000000.0,425000000.0,23.0,9191000000.0,503000000.0,18000000.0,80000000.0,5051000000.0,146000000.0,-770000000.0,1339000000.0,0.0,-28000000.0,-650000000.0,1322000000.0,-1515000000.0,-419000000.0,897000000.0,293000000.0,897000000.0,807000000.0,1162000000.0,1375000000.0,3.0,813000000.0,392000000.0,216000000.0,20000000.0,84000000.0,877000000.0,36000000.0,3.0,30.0,2.0,70.0,4130000000.0,-1008000000.0,7618000000.0,395000000.0,1305000000.0,13519000000.0,9886000000.0,6925000000.0,4378000000.0,9141000000.0,13519000000.0,39528000000.0,0.0,2016.0,2.59,346332046.33199996
213,BCR,2016-12-31,1108900000.0,-25100000.0,-229400000.0,32.0,-100300000.0,2346800000.0,100.0,1106500000.0,-83700000.0,18200000.0,1371700000.0,209.0,64400000.0,18900000.0,213400000.0,718200000.0,663700000.0,-18400000.0,489500000.0,1260500000.0,63.0,2342300000.0,132300000.0,1010000000.0,54500000.0,483000000.0,0.0,-318800000.0,1641700000.0,0.0,245600000.0,-45500000.0,546600000.0,-149800000.0,-423900000.0,531400000.0,258000000.0,531400000.0,531400000.0,477300000.0,947600000.0,26.0,165300000.0,249600000.0,-235500000.0,-6200000.0,-323600000.0,861500000.0,-28600000.0,18.0,40.0,14.0,165.0,-454400000.0,-356000000.0,1101900000.0,0.0,0.0,5306100000.0,2316400000.0,1108900000.0,1675100000.0,3631000000.0,5306100000.0,3714000000.0,0.0,,,
217,BDX,2016-09-30,3210000000.0,-128000000.0,32000000.0,13.0,-693000000.0,4693000000.0,43.0,1541000000.0,69000000.0,333000000.0,6492000000.0,145.0,0.0,1684000000.0,1114000000.0,1462000000.0,1074000000.0,-12000000.0,3901000000.0,7419000000.0,48.0,5991000000.0,97000000.0,6351000000.0,388000000.0,1719000000.0,-1000000.0,336000000.0,10550000000.0,796000000.0,-1252000000.0,117000000.0,2559000000.0,-1761000000.0,-669000000.0,976000000.0,-230000000.0,976000000.0,977000000.0,1618000000.0,1430000000.0,11.0,753000000.0,1122000000.0,-1907000000.0,0.0,25000000.0,1319000000.0,422000000.0,9.0,14.0,8.0,106.0,12727000000.0,-32000000.0,3005000000.0,1001000000.0,366000000.0,25586000000.0,6367000000.0,4400000000.0,7633000000.0,17953000000.0,25586000000.0,12483000000.0,-8212000000.0,2016.0,4.59,212636165.57700002
221,BHI,2016-12-31,2172000000.0,762000000.0,-239000000.0,22.0,-332000000.0,6708000000.0,198.0,4572000000.0,293000000.0,425000000.0,9973000000.0,398.0,0.0,328000000.0,1166000000.0,-1862000000.0,-2040000000.0,1000000.0,4271000000.0,4084000000.0,1.0,-132000000.0,696000000.0,318000000.0,178000000.0,1809000000.0,104000000.0,-342000000.0,2886000000.0,0.0,-1195000000.0,2248000000.0,4229000000.0,-2185000000.0,203000000.0,-2738000000.0,4685000000.0,-2738000000.0,-2738000000.0,2251000000.0,-1623000000.0,16.0,1194000000.0,535000000.0,-1033000000.0,-25000000.0,431000000.0,779000000.0,401000000.0,21.0,16.0,28.0,319.0,6583000000.0,-672000000.0,815000000.0,132000000.0,0.0,19034000000.0,9167000000.0,2304000000.0,12656000000.0,6378000000.0,19034000000.0,9841000000.0,-27000000.0,,,
225,BIIB,2016-12-31,3415200000.0,-227500000.0,-217400000.0,31.0,-616100000.0,0.0,143.0,2326500000.0,-165600000.0,100000.0,1478700000.0,255.0,0.0,93100000.0,682700000.0,4933000000.0,4933000000.0,-31300000.0,2501800000.0,3669300000.0,87.0,9970100000.0,1237300000.0,3808300000.0,0.0,1001600000.0,-534300000.0,407000000.0,6512700000.0,4165200000.0,-2700000.0,1049800000.0,4522400000.0,-987800000.0,-2484800000.0,3702800000.0,71000000.0,3702800000.0,3702800000.0,1742200000.0,5150400000.0,45.0,0.0,1093300000.0,-319900000.0,-41400000.0,-1334400000.0,722500000.0,59100000.0,43.0,41.0,32.0,226.0,15071600000.0,-956300000.0,1972900000.0,4700000.0,2568600000.0,22876800000.0,8732200000.0,3419900000.0,12140100000.0,10736700000.0,22876800000.0,11448800000.0,-2611700000.0,,,
229,BK,2015-12-31,49786000000.0,0.0,83000000.0,8.0,-601000000.0,25262000000.0,,159259000000.0,0.0,13000000.0,0.0,,0.0,0.0,1457000000.0,4535000000.0,4235000000.0,42000000.0,1379000000.0,17618000000.0,100.0,14951000000.0,1013000000.0,3842000000.0,300000000.0,0.0,-6772000000.0,-852000000.0,26800000000.0,191321000000.0,5185000000.0,-433000000.0,4127000000.0,15185000000.0,-19787000000.0,3158000000.0,714000000.0,3053000000.0,3158000000.0,562000000.0,4152000000.0,28.0,19799000000.0,0.0,-2600000000.0,11878000000.0,370000000.0,5507000000.0,-414000000.0,28.0,11.0,21.0,,19974000000.0,-1013000000.0,10453000000.0,15002000000.0,0.0,393780000000.0,0.0,0.0,38037000000.0,355743000000.0,393780000000.0,14951000000.0,-7164000000.0,2015.0,2.73,1156776556.78
233,BLL,2015-12-31,1730200000.0,34800000.0,-116500000.0,22.0,-527900000.0,0.0,10.0,224000000.0,96900000.0,961700000.0,6460300000.0,102.0,0.0,172700000.0,285500000.0,488700000.0,345500000.0,9500000.0,2685900000.0,2176500000.0,19.0,1536700000.0,47000000.0,576200000.0,143200000.0,898400000.0,0.0,-18000000.0,5054200000.0,0.0,2001200000.0,32600000.0,1006700000.0,1737100000.0,-2720700000.0,280900000.0,278100000.0,280900000.0,302900000.0,1061600000.0,605200000.0,8.0,2154400000.0,0.0,-639900000.0,-92800000.0,-2192800000.0,1147200000.0,26500000.0,4.0,28.0,4.0,60.0,4557500000.0,-99500000.0,646000000.0,77300000.0,0.0,9777000000.0,2184000000.0,2141600000.0,1251300000.0,8525700000.0,9777000000.0,7997000000.0,-3628000000.0,2015.0,2.05,137024390.244
237,BMY,2015-12-31,6875000000.0,-942000000.0,187000000.0,11.0,-820000000.0,1459000000.0,53.0,2385000000.0,97000000.0,221000000.0,3909000000.0,130.0,2844000000.0,586000000.0,376000000.0,2077000000.0,2077000000.0,-95000000.0,4412000000.0,6881000000.0,76.0,12651000000.0,446000000.0,1419000000.0,0.0,1221000000.0,-349000000.0,-654000000.0,6550000000.0,4660000000.0,-1138000000.0,-3186000000.0,1832000000.0,-3351000000.0,-1572000000.0,1565000000.0,853000000.0,1565000000.0,1565000000.0,4299000000.0,1890000000.0,11.0,1117000000.0,625000000.0,-2468000000.0,0.0,-403000000.0,2171000000.0,471000000.0,13.0,15.0,9.0,115.0,31613000000.0,266000000.0,4841000000.0,139000000.0,1885000000.0,31748000000.0,10415000000.0,8017000000.0,14266000000.0,17482000000.0,31748000000.0,16560000000.0,-16559000000.0,2015.0,0.94,1664893617.02
241,BSX,2015-12-31,2179000000.0,-17000000.0,-39000000.0,4.0,-247000000.0,16860000000.0,13.0,319000000.0,3000000.0,16000000.0,2173000000.0,143.0,0.0,735000000.0,805000000.0,-366000000.0,-650000000.0,-4000000.0,1490000000.0,6473000000.0,71.0,5304000000.0,-411000000.0,6194000000.0,284000000.0,1016000000.0,-205000000.0,317000000.0,5674000000.0,0.0,1430000000.0,-268000000.0,600000000.0,1322000000.0,-2186000000.0,-239000000.0,-246000000.0,-239000000.0,-239000000.0,1771000000.0,-327000000.0,4.0,505000000.0,365000000.0,88000000.0,-222000000.0,-1734000000.0,2974000000.0,-23000000.0,9.0,10.0,3.0,101.0,-8927000000.0,114000000.0,2996000000.0,3000000.0,0.0,18133000000.0,3471000000.0,2430000000.0,6320000000.0,11813000000.0,18133000000.0,7477000000.0,-1717000000.0,2015.0,-0.18,1327777777.78
245,BWA,2016-12-31,1915900000.0,-137500000.0,6300000.0,4.0,-500600000.0,1104300000.0,21.0,443700000.0,-36500000.0,2500000.0,7137900000.0,139.0,0.0,0.0,391400000.0,232200000.0,147600000.0,-31700000.0,2501800000.0,1702200000.0,21.0,1933100000.0,30300000.0,463500000.0,84600000.0,641200000.0,0.0,120700000.0,2043600000.0,502200000.0,-189000000.0,-134000000.0,1035700000.0,-733800000.0,-404200000.0,118500000.0,600400000.0,118500000.0,118500000.0,1689300000.0,225900000.0,2.0,753400000.0,137400000.0,-722100000.0,0.0,96400000.0,1397400000.0,-63000000.0,2.0,5.0,1.0,109.0,4215200000.0,-281300000.0,1707200000.0,175900000.0,0.0,8834700000.0,2911600000.0,2091800000.0,3218300000.0,5616400000.0,8834700000.0,9071000000.0,-1381600000.0,,,
249,BXP,2015-12-31,792415000.0,-46326000.0,359979000.0,10.0,-374664000.0,6305687000.0,,723718000.0,0.0,1536000.0,904336000.0,,732837000.0,0.0,639542000.0,1231384000.0,799188000.0,0.0,15555641000.0,0.0,64.0,1586485000.0,0.0,0.0,432196000.0,0.0,-469955000.0,-103857000.0,9216513000.0,255604000.0,-53770000.0,-1039361000.0,799411000.0,-1558546000.0,-280226000.0,583106000.0,-380794000.0,572606000.0,583106000.0,852748000.0,849365000.0,34.0,185118000.0,0.0,-14114000.0,0.0,564393000.0,483601000.0,-109072000.0,32.0,14.0,23.0,,-780952000.0,-105628000.0,97578000.0,0.0,73790000.0,18379456000.0,0.0,0.0,5709435000.0,12670021000.0,18379456000.0,2490821000.0,-2722000.0,2015.0,3.79,153853825.85799998
253,C,2015-12-31,53722000000.0,0.0,682000000.0,8.0,-3198000000.0,108288000000.0,,352772000000.0,0.0,31000000.0,0.0,,0.0,0.0,3697000000.0,36747000000.0,24826000000.0,-1055000000.0,0.0,22349000000.0,100.0,68024000000.0,7440000000.0,3721000000.0,11921000000.0,0.0,-7882000000.0,-29866000000.0,318787000000.0,1197902000000.0,-72422000000.0,-11208000000.0,39737000000.0,-64773000000.0,14883000000.0,17242000000.0,6320000000.0,17242000000.0,17386000000.0,27683000000.0,24144000000.0,35.0,126783000000.0,0.0,-29344000000.0,8555000000.0,6509000000.0,60147000000.0,42344000000.0,36.0,11.0,25.0,,133841000000.0,347000000.0,44346000000.0,167575000000.0,0.0,1731210000000.0,0.0,0.0,221857000000.0,1509353000000.0,1731210000000.0,68024000000.0,-7677000000.0,2015.0,5.41,3187060998.15
257,CAG,2016-05-29,1867500000.0,-171900000.0,0.0,18.0,-429800000.0,1136300000.0,33.0,834500000.0,55400000.0,2839700000.0,8552100000.0,141.0,0.0,0.0,373900000.0,881400000.0,583600000.0,-2000000.0,2936100000.0,4533800000.0,27.0,3090800000.0,225400000.0,1276800000.0,297800000.0,1582100000.0,0.0,32400000.0,4917800000.0,0.0,-2464100000.0,651400000.0,1207400000.0,-2681400000.0,2127400000.0,-677000000.0,1697700000.0,-677000000.0,496000000.0,836600000.0,881400000.0,8.0,1067200000.0,323500000.0,-344500000.0,-53600000.0,2557200000.0,2145600000.0,-276300000.0,5.0,16.0,6.0,79.0,3218300000.0,268800000.0,2209400000.0,610200000.0,0.0,13390600000.0,3576700000.0,2532400000.0,3713600000.0,9677000000.0,13390600000.0,11642900000.0,-3136200000.0,2016.0,-1.57,431210191.083
261,CAH,2016-06-30,19114000000.0,-866000000.0,-5000000.0,22.0,-465000000.0,0.0,12.0,2356000000.0,-1179000000.0,3010000000.0,115003000000.0,111.0,0.0,2781000000.0,641000000.0,2454000000.0,2276000000.0,-12000000.0,1796000000.0,0.0,5.0,6543000000.0,845000000.0,9426000000.0,178000000.0,10615000000.0,-14000000.0,2668000000.0,4952000000.0,0.0,20000000.0,-2260000000.0,2971000000.0,-1139000000.0,-4080000000.0,1427000000.0,276000000.0,1427000000.0,1431000000.0,7405000000.0,2459000000.0,2.0,944000000.0,1580000000.0,-116000000.0,-19000000.0,-3601000000.0,0.0,0.0,2.0,35.0,1.0,58.0,6419000000.0,-661000000.0,3648000000.0,587000000.0,0.0,34122000000.0,21956000000.0,19701000000.0,6554000000.0,27568000000.0,34122000000.0,121546000000.0,-2759000000.0,2016.0,4.36,327293577.982
265,CAT,2016-12-31,10532000000.0,829000000.0,146000000.0,1.0,-2928000000.0,0.0,27.0,7168000000.0,1109000000.0,5277000000.0,28905000000.0,122.0,2790000000.0,0.0,3034000000.0,644000000.0,139000000.0,-28000000.0,15322000000.0,6020000000.0,25.0,9632000000.0,192000000.0,2349000000.0,505000000.0,8614000000.0,460000000.0,-1534000000.0,22818000000.0,14585000000.0,-1310000000.0,708000000.0,5608000000.0,-3112000000.0,-1760000000.0,-67000000.0,2005000000.0,-67000000.0,-67000000.0,14503000000.0,498000000.0,1.0,1671000000.0,1682000000.0,-2039000000.0,0.0,708000000.0,12541000000.0,224000000.0,0.0,1.0,0.0,89.0,27377000000.0,-23000000.0,6588000000.0,13965000000.0,0.0,74704000000.0,31967000000.0,26132000000.0,13137000000.0,61567000000.0,74704000000.0,38537000000.0,-17478000000.0,,,
269,CB,2015-12-31,11522000000.0,-14000000.0,-33000000.0,10.0,0.0,4481000000.0,,1775000000.0,0.0,7833000000.0,12968000000.0,,3191000000.0,0.0,158000000.0,3596000000.0,3296000000.0,-145000000.0,0.0,0.0,32.0,6019000000.0,462000000.0,5683000000.0,300000000.0,0.0,-6295000000.0,850000000.0,13717000000.0,58017000000.0,4940000000.0,1120000000.0,3864000000.0,3695000000.0,-6294000000.0,2834000000.0,533000000.0,2834000000.0,2834000000.0,18978000000.0,3296000000.0,17.0,4276000000.0,0.0,-735000000.0,244000000.0,1000000.0,50858000000.0,-497000000.0,17.0,11.0,15.0,,19478000000.0,-627000000.0,2270000000.0,1404000000.0,10446000000.0,102366000000.0,0.0,0.0,29135000000.0,73231000000.0,102366000000.0,18987000000.0,-1922000000.0,2015.0,8.71,325373134.328
273,CBG,2015-12-31,3138277000.0,-231979000.0,10588000.0,20.0,-141517000.0,1106758000.0,12.0,613167000.0,0.0,3342000.0,9716541000.0,106.0,135252000.0,100361000.0,326407000.0,998610000.0,879730000.0,-22967000.0,529823000.0,3085997000.0,10.0,1139269000.0,320853000.0,1450469000.0,118880000.0,0.0,118654000.0,320914000.0,2645111000.0,217943000.0,851557000.0,-200481000.0,651897000.0,789548000.0,-1618959000.0,547132000.0,-196242000.0,547132000.0,558877000.0,4298178000.0,835944000.0,8.0,293236000.0,393878000.0,-485675000.0,-5951000.0,-1596096000.0,519244000.0,-126080000.0,8.0,32.0,5.0,106.0,2088227000.0,-11089000.0,0.0,1785225000.0,0.0,11017943000.0,5305223000.0,4994157000.0,2712652000.0,8305291000.0,11017943000.0,10855810000.0,0.0,2015.0,1.64,333617073.171
277,CCI,2015-12-31,426527000.0,12668000.0,54777000.0,21.0,-908892000.0,9548580000.0,36.0,309541000.0,0.0,3338000.0,1321426000.0,115.0,0.0,0.0,1073304000.0,1000957000.0,473829000.0,-1902000.0,9580057000.0,5513551000.0,64.0,2342425000.0,-51457000.0,3779915000.0,527128000.0,0.0,54475000.0,320625000.0,12143019000.0,1306408000.0,274255000.0,3190000.0,1794025000.0,-935476000.0,-1959734000.0,1520992000.0,-25610000.0,1477004000.0,525286000.0,313296000.0,946180000.0,26.0,875069000.0,358408000.0,-4398000.0,0.0,-1105317000.0,1948636000.0,994029000.0,13.0,7.0,42.0,115.0,-2458397000.0,-29657000.0,310921000.0,106219000.0,0.0,22036245000.0,981245000.0,855369000.0,7089221000.0,14947024000.0,22036245000.0,3663851000.0,0.0,2015.0,4.44,342565765.766
281,CCL,2016-11-30,2453000000.0,-22000000.0,-20000000.0,12.0,-3062000000.0,8632000000.0,9.0,603000000.0,1000000.0,365000000.0,9383000000.0,24.0,0.0,0.0,1738000000.0,3051000000.0,2828000000.0,-12000000.0,32429000000.0,2910000000.0,43.0,7006000000.0,49000000.0,1275000000.0,223000000.0,322000000.0,-291000000.0,454000000.0,8357000000.0,0.0,711000000.0,-792000000.0,5134000000.0,-2591000000.0,-3323000000.0,2779000000.0,173000000.0,2779000000.0,2779000000.0,298000000.0,3071000000.0,19.0,633000000.0,466000000.0,-2454000000.0,-25000000.0,30000000.0,910000000.0,11000000.0,17.0,13.0,17.0,19.0,21843000000.0,-2300000000.0,2197000000.0,1097000000.0,0.0,38936000000.0,1689000000.0,7072000000.0,22597000000.0,16339000000.0,38936000000.0,16389000000.0,-5789000000.0,,,
285,CELG,2016-12-31,2403400000.0,-222400000.0,-294000000.0,30.0,-236200000.0,12378200000.0,269.0,6169900000.0,-55300000.0,9500000.0,438000000.0,367.0,0.0,27900000.0,504700000.0,2872600000.0,2372500000.0,-38900000.0,929800000.0,4865800000.0,96.0,10791200000.0,373300000.0,10391800000.0,500100000.0,497900000.0,-765400000.0,729000000.0,13788500000.0,0.0,0.0,1289600000.0,3976300000.0,-1645600000.0,-1002200000.0,1999200000.0,926900000.0,1999200000.0,1999200000.0,1620600000.0,3166600000.0,28.0,1030700000.0,779300000.0,419100000.0,-41100000.0,-600000.0,4710700000.0,94200000.0,21.0,36.0,18.0,350.0,10073600000.0,-1793300000.0,2657700000.0,500700000.0,1799800000.0,28085600000.0,10867500000.0,2959200000.0,6599300000.0,21486300000.0,28085600000.0,11229200000.0,-16281100000.0,,,
289,CERN,2016-12-31,507365000.0,78258000.0,7421000.0,16.0,-459427000.0,1230913000.0,42.0,170861000.0,-666000.0,3537000.0,779116000.0,192.0,0.0,319063000.0,504236000.0,918434000.0,918434000.0,-10447000.0,1552524000.0,844200000.0,84.0,4017357000.0,281950000.0,1285256000.0,0.0,14740000.0,-18179000.0,-59061000.0,537552000.0,109374000.0,0.0,-231261000.0,1155612000.0,-586652000.0,-789774000.0,636484000.0,63019000.0,636484000.0,636484000.0,944943000.0,911013000.0,19.0,219248000.0,303229000.0,-110165000.0,-2074000.0,-312168000.0,0.0,-66658000.0,19.0,23.0,13.0,190.0,4094327000.0,-636481000.0,2464380000.0,26197000.0,185588000.0,5629963000.0,1619361000.0,845401000.0,3927947000.0,1702016000.0,5629963000.0,4796473000.0,-1290665000.0,,,
293,CF,2015-12-31,1084700000.0,-4800000.0,-2300000.0,16.0,-2469300000.0,1377400000.0,25.0,308800000.0,-71000000.0,2400000.0,2761200000.0,93.0,0.0,916200000.0,479600000.0,1190800000.0,1057600000.0,-18300000.0,8539000000.0,2390100000.0,36.0,1547100000.0,395800000.0,0.0,133200000.0,321200000.0,12800000.0,-270000000.0,5592700000.0,297800000.0,1000000000.0,-1710600000.0,1203700000.0,79900000.0,-2975900000.0,664900000.0,284400000.0,699900000.0,664900000.0,267200000.0,1193100000.0,28.0,384900000.0,229900000.0,-249800000.0,0.0,-519400000.0,627600000.0,51400000.0,25.0,26.0,15.0,66.0,3057900000.0,-547900000.0,319000000.0,0.0,0.0,12738900000.0,1127100000.0,1215200000.0,4035200000.0,8703700000.0,12738900000.0,4308300000.0,-152700000.0,2015.0,2.97,223872053.872
297,CFG,2015-12-31,0.0,0.0,0.0,4.0,-121000000.0,18725000000.0,,27516000000.0,0.0,6000000.0,237000000.0,,0.0,730000000.0,488000000.0,1478000000.0,1263000000.0,0.0,595000000.0,6876000000.0,0.0,0.0,423000000.0,0.0,215000000.0,0.0,-5584000000.0,-161000000.0,485000000.0,122891000000.0,-1873000000.0,-191000000.0,1229000000.0,4485000000.0,-5905000000.0,840000000.0,529000000.0,833000000.0,840000000.0,0.0,0.0,0.0,4405000000.0,0.0,-387000000.0,6832000000.0,-200000000.0,1490000000.0,-467000000.0,24.0,6.0,16.0,,1913000000.0,-253000000.0,3113000000.0,3432000000.0,0.0,138208000000.0,0.0,0.0,19646000000.0,118562000000.0,138208000000.0,5276000000.0,-858000000.0,2015.0,1.55,541935483.8709999
301,CHD,2015-12-31,515500000.0,33500000.0,-2500000.0,20.0,-61800000.0,376400000.0,38.0,330000000.0,-38500000.0,146400000.0,1883000000.0,104.0,0.0,643100000.0,101000000.0,665900000.0,635400000.0,-22900000.0,609600000.0,1354900000.0,45.0,1511800000.0,225000000.0,1269500000.0,30500000.0,274000000.0,0.0,51500000.0,692800000.0,8400000.0,-38300000.0,-93000000.0,606100000.0,-535000000.0,-141200000.0,410400000.0,73800000.0,410400000.0,404600000.0,276200000.0,674200000.0,20.0,108500000.0,25800000.0,-45900000.0,-1200000.0,-79400000.0,25100000.0,-25600000.0,19.0,31.0,12.0,72.0,2650000000.0,-334600000.0,837600000.0,357200000.0,0.0,4256900000.0,906000000.0,872700000.0,2023200000.0,2233700000.0,4256900000.0,3394800000.0,-1103700000.0,2015.0,3.13,131118210.86299999
305,CHK,2015-12-31,1045000000.0,1186000000.0,134000000.0,687.0,-3771000000.0,12403000000.0,22.0,825000000.0,0.0,7000000.0,10295000000.0,67.0,0.0,60000000.0,2229000000.0,-18781000000.0,-19098000000.0,0.0,14298000000.0,0.0,19.0,2469000000.0,-4463000000.0,0.0,317000000.0,0.0,-10000000.0,-2220000000.0,10354000000.0,382000000.0,-508000000.0,-3283000000.0,1234000000.0,-1066000000.0,-3451000000.0,-14685000000.0,14674000000.0,-14856000000.0,-14685000000.0,1129000000.0,-18919000000.0,148.0,197000000.0,526000000.0,-99000000.0,-41000000.0,330000000.0,861000000.0,0.0,150.0,893.0,115.0,67.0,-13202000000.0,-143000000.0,334000000.0,421000000.0,0.0,17357000000.0,2480000000.0,3685000000.0,2138000000.0,14960000000.0,17098000000.0,12764000000.0,-33000000.0,2015.0,-22.43,654703522.069
309,CHRW,2015-12-31,912299000.0,107560000.0,0.0,44.0,-28115000.0,379444000.0,12.0,168229000.0,0.0,14345000.0,11207604000.0,119.0,0.0,65460000.0,66409000.0,858310000.0,822781000.0,-16860000.0,190874000.0,1108337000.0,17.0,2268480000.0,313082000.0,120242000.0,35529000.0,0.0,0.0,-25358000.0,500000000.0,0.0,-155000000.0,39289000.0,718336000.0,-607741000.0,-54446000.0,509699000.0,59513000.0,509699000.0,509699000.0,1522408000.0,858310000.0,6.0,34207000.0,40061000.0,-37946000.0,-11368000.0,-26331000.0,19851000.0,513000.0,6.0,72.0,4.0,119.0,2922620000.0,-214306000.0,1410170000.0,450000000.0,0.0,3184358000.0,1730698000.0,1448597000.0,1150450000.0,2033908000.0,3184358000.0,13476084000.0,-2128013000.0,2015.0,3.52,144800852.273
313,CHTR,2016-12-31,7544000000.0,-160000000.0,-36000000.0,9.0,-5325000000.0,39413000000.0,16.0,1535000000.0,0.0,0.0,18655000000.0,34.0,0.0,26665000000.0,6907000000.0,3319000000.0,820000000.0,0.0,32963000000.0,29509000000.0,36.0,10348000000.0,-2925000000.0,81924000000.0,2499000000.0,0.0,0.0,1029000000.0,59719000000.0,0.0,1764000000.0,1530000000.0,8041000000.0,4779000000.0,-11290000000.0,3522000000.0,-3591000000.0,3522000000.0,3411000000.0,1432000000.0,3355000000.0,12.0,1371000000.0,333000000.0,-7000000.0,1000000.0,-5965000000.0,2745000000.0,111000000.0,3.0,2.0,12.0,34.0,733000000.0,3306000000.0,86000000.0,2028000000.0,0.0,149067000000.0,3300000000.0,9572000000.0,40139000000.0,108928000000.0,149067000000.0,29003000000.0,0.0,,,
317,CI,2015-12-31,6493000000.0,-890000000.0,0.0,17.0,-510000000.0,2859000000.0,,1968000000.0,0.0,74000000.0,23290000000.0,,2038000000.0,0.0,585000000.0,3327000000.0,3327000000.0,-40000000.0,1534000000.0,6019000000.0,39.0,14586000000.0,1250000000.0,0.0,0.0,0.0,-990000000.0,1055000000.0,5169000000.0,24332000000.0,-65000000.0,548000000.0,2717000000.0,-530000000.0,-1599000000.0,2094000000.0,-36000000.0,2094000000.0,2077000000.0,10507000000.0,3327000000.0,9.0,10309000000.0,0.0,-1250000000.0,52000000.0,-99000000.0,33313000000.0,-74000000.0,9.0,28.0,6.0,,12121000000.0,-517000000.0,0.0,149000000.0,381000000.0,57088000000.0,0.0,0.0,12035000000.0,45053000000.0,57088000000.0,37876000000.0,-1769000000.0,2015.0,8.17,256303549.572
321,CINF,2015-12-31,0.0,-54000000.0,0.0,10.0,-10000000.0,1232000000.0,,544000000.0,0.0,397000000.0,4195000000.0,,616000000.0,638000000.0,52000000.0,934000000.0,881000000.0,0.0,185000000.0,0.0,18.0,947000000.0,247000000.0,0.0,53000000.0,0.0,-615000000.0,246000000.0,856000000.0,14423000000.0,-14000000.0,-47000000.0,1064000000.0,-487000000.0,-624000000.0,634000000.0,10000000.0,634000000.0,634000000.0,2218000000.0,881000000.0,17.0,902000000.0,0.0,1344000000.0,-78000000.0,1000000.0,10967000000.0,176000000.0,17.0,14.0,12.0,,4762000000.0,-29000000.0,0.0,0.0,0.0,18888000000.0,0.0,0.0,6427000000.0,12461000000.0,18888000000.0,5142000000.0,-1308000000.0,2015.0,3.87,163824289.40600002
325,CL,2015-12-31,3232000000.0,-75000000.0,0.0,463.0,-691000000.0,1438000000.0,27.0,970000000.0,-13000000.0,1466000000.0,6635000000.0,124.0,67000000.0,233000000.0,449000000.0,2763000000.0,2763000000.0,-107000000.0,3796000000.0,2103000000.0,59.0,9399000000.0,1215000000.0,1346000000.0,0.0,1180000000.0,-143000000.0,-67000000.0,6269000000.0,0.0,421000000.0,-119000000.0,2949000000.0,-2276000000.0,-685000000.0,1384000000.0,1074000000.0,1384000000.0,1384000000.0,1427000000.0,2789000000.0,17.0,262000000.0,807000000.0,-3962000000.0,0.0,149000000.0,1966000000.0,33000000.0,17.0,924.0,9.0,91.0,18861000000.0,-1204000000.0,6610000000.0,302000000.0,0.0,11958000000.0,4384000000.0,3534000000.0,-299000000.0,12257000000.0,11958000000.0,16034000000.0,-18102000000.0,2015.0,1.53,904575163.3989999
329,CLX,2016-06-30,1035000000.0,-52000000.0,7000000.0,218.0,-172000000.0,868000000.0,26.0,401000000.0,-45000000.0,159000000.0,3163000000.0,95.0,0.0,82000000.0,165000000.0,1071000000.0,983000000.0,-13000000.0,906000000.0,1197000000.0,45.0,2598000000.0,335000000.0,735000000.0,88000000.0,443000000.0,0.0,-5000000.0,1797000000.0,0.0,126000000.0,19000000.0,778000000.0,-316000000.0,-430000000.0,648000000.0,51000000.0,648000000.0,648000000.0,569000000.0,1064000000.0,18.0,195000000.0,72000000.0,-570000000.0,0.0,-258000000.0,784000000.0,6000000.0,17.0,331.0,11.0,67.0,2163000000.0,-44000000.0,1393000000.0,523000000.0,0.0,4518000000.0,1485000000.0,1558000000.0,297000000.0,4221000000.0,4518000000.0,5761000000.0,-2323000000.0,2016.0,5.01,129341317.365
333,CMA,2016-12-31,1012000000.0,0.0,0.0,6.0,-95000000.0,2135000000.0,,19587000000.0,0.0,1141000000.0,40000000.0,,0.0,0.0,125000000.0,742000000.0,670000000.0,0.0,501000000.0,0.0,0.0,0.0,193000000.0,0.0,72000000.0,0.0,-195000000.0,37000000.0,0.0,65167000000.0,2152000000.0,1071000000.0,493000000.0,848000000.0,-270000000.0,477000000.0,229000000.0,473000000.0,477000000.0,0.0,0.0,0.0,0.0,0.0,-383000000.0,-994000000.0,20000000.0,0.0,-375000000.0,23.0,9.0,16.0,,7331000000.0,-158000000.0,1836000000.0,25000000.0,92000000.0,72978000000.0,0.0,0.0,7796000000.0,65182000000.0,72978000000.0,2960000000.0,-2428000000.0,,,
337,CME,2015-12-31,28700000.0,-17300000.0,-14500000.0,6.0,-114200000.0,17721600000.0,,1692600000.0,0.0,3400000.0,0.0,,0.0,7358300000.0,228600000.0,2074200000.0,1956800000.0,0.0,491700000.0,7569000000.0,100.0,3209400000.0,709800000.0,19713200000.0,117400000.0,0.0,148800000.0,-121200000.0,2241400000.0,72500000.0,70700000.0,326500000.0,1515300000.0,-1206700000.0,17900000.0,1247000000.0,189300000.0,1247000000.0,1347000000.0,357800000.0,1871300000.0,58.0,37474700000.0,0.0,-80800000.0,2000000.0,-16700000.0,37191300000.0,-11100000.0,61.0,10.0,39.0,,2907600000.0,64000000.0,1238700000.0,0.0,0.0,67371500000.0,0.0,0.0,20551800000.0,46819700000.0,67371500000.0,3209400000.0,0.0,2015.0,3.71,336118598.383
341,CMG,2016-12-31,281793000.0,-1923000.0,-19705000.0,2.0,-258842000.0,1238875000.0,148.0,87880000.0,-91000.0,358000.0,3406170000.0,185.0,0.0,307871000.0,146368000.0,38739000.0,38739000.0,110000.0,1303558000.0,21939000.0,13.0,498214000.0,15801000.0,0.0,0.0,15019000.0,585648000.0,28044000.0,0.0,125055000.0,0.0,-160125000.0,349242000.0,-836283000.0,326806000.0,22938000.0,71650000.0,22938000.0,22938000.0,45559000.0,34567000.0,1.0,53177000.0,44080000.0,-8162000.0,0.0,0.0,33946000.0,82256000.0,1.0,3.0,1.0,180.0,2220811000.0,-837603000.0,276240000.0,0.0,329836000.0,2026103000.0,522374000.0,281793000.0,1402493000.0,623610000.0,2026103000.0,3904384000.0,-2049389000.0,,,
345,CMI,2016-12-31,3236000000.0,-265000000.0,71000000.0,20.0,-531000000.0,0.0,32.0,1120000000.0,-4000000.0,2153000000.0,13057000000.0,178.0,0.0,0.0,530000000.0,1999000000.0,1930000000.0,-200000000.0,3800000000.0,480000000.0,25.0,4452000000.0,474000000.0,332000000.0,69000000.0,2675000000.0,-255000000.0,189000000.0,1568000000.0,946000000.0,179000000.0,-591000000.0,1935000000.0,-1409000000.0,-917000000.0,1394000000.0,-88000000.0,1394000000.0,1695000000.0,2803000000.0,1928000000.0,11.0,1746000000.0,849000000.0,-1829000000.0,29000000.0,-131000000.0,1944000000.0,117000000.0,11.0,28.0,8.0,116.0,11040000000.0,-876000000.0,2189000000.0,288000000.0,260000000.0,15011000000.0,7707000000.0,4325000000.0,6875000000.0,8136000000.0,15011000000.0,17509000000.0,-4489000000.0,,,
349,CMS,2016-12-31,1077000000.0,-155000000.0,-44000000.0,13.0,-1672000000.0,4916000000.0,10.0,254000000.0,146000000.0,3000000.0,4010000000.0,86.0,0.0,2360000000.0,811000000.0,1266000000.0,826000000.0,0.0,15715000000.0,0.0,37.0,2389000000.0,273000000.0,0.0,440000000.0,626000000.0,-136000000.0,59000000.0,8750000000.0,1183000000.0,530000000.0,-31000000.0,1629000000.0,255000000.0,-1915000000.0,564000000.0,258000000.0,551000000.0,564000000.0,1052000000.0,1297000000.0,20.0,2444000000.0,348000000.0,-50000000.0,0.0,-107000000.0,3567000000.0,-43000000.0,13.0,19.0,9.0,62.0,-616000000.0,72000000.0,281000000.0,1284000000.0,0.0,21622000000.0,2280000000.0,2655000000.0,4253000000.0,17332000000.0,21585000000.0,6399000000.0,0.0,,,
353,CNC,2015-12-31,1183000000.0,-360000000.0,35000000.0,16.0,-150000000.0,956000000.0,,1760000000.0,0.0,0.0,17242000000.0,,0.0,143000000.0,111000000.0,740000000.0,697000000.0,0.0,518000000.0,842000000.0,24.0,5518000000.0,339000000.0,155000000.0,43000000.0,0.0,-652000000.0,599000000.0,1428000000.0,2042000000.0,338000000.0,150000000.0,658000000.0,305000000.0,-813000000.0,355000000.0,48000000.0,355000000.0,358000000.0,1279000000.0,705000000.0,3.0,567000000.0,0.0,-10000000.0,-4000000.0,-11000000.0,2468000000.0,-97000000.0,3.0,32.0,2.0,,1358000000.0,-29000000.0,2977000000.0,5000000.0,176000000.0,7339000000.0,0.0,0.0,2157000000.0,5182000000.0,7339000000.0,22760000000.0,-147000000.0,2015.0,2.99,118729096.99
357,CNP,2015-12-31,758000000.0,345000000.0,27000000.0,20.0,-1584000000.0,0.0,43.0,264000000.0,28000000.0,0.0,5109000000.0,109.0,0.0,5052000000.0,997000000.0,-673000000.0,-1130000000.0,0.0,11537000000.0,840000000.0,31.0,2277000000.0,-438000000.0,0.0,457000000.0,347000000.0,180000000.0,-276000000.0,7901000000.0,2993000000.0,-54000000.0,-34000000.0,1865000000.0,-512000000.0,-1387000000.0,-692000000.0,1323000000.0,-692000000.0,-2325000000.0,1044000000.0,933000000.0,13.0,3275000000.0,229000000.0,0.0,0.0,17000000.0,2453000000.0,140000000.0,15.0,33.0,9.0,95.0,0.0,0.0,374000000.0,1366000000.0,805000000.0,21334000000.0,2689000000.0,2467000000.0,3461000000.0,17873000000.0,21334000000.0,7386000000.0,0.0,2015.0,-1.61,429813664.59599996
361,COF,2015-12-31,299000000.0,-72000000.0,0.0,9.0,-532000000.0,29655000000.0,,71703000000.0,0.0,6000000.0,1091000000.0,,0.0,0.0,2100000000.0,6415000000.0,5881000000.0,0.0,3584000000.0,14480000000.0,0.0,0.0,1869000000.0,0.0,534000000.0,0.0,-19270000000.0,620000000.0,0.0,290322000000.0,9964000000.0,781000000.0,10127000000.0,20380000000.0,-29726000000.0,4050000000.0,4427000000.0,3872000000.0,4012000000.0,1189000000.0,0.0,0.0,16450000000.0,0.0,-616000000.0,12163000000.0,-9924000000.0,9629000000.0,-998000000.0,23.0,12.0,16.0,,27045000000.0,-773000000.0,12566000000.0,21112000000.0,0.0,334048000000.0,0.0,0.0,47284000000.0,286764000000.0,334048000000.0,25038000000.0,-8806000000.0,2015.0,7.15,566433566.434
365,COG,2015-12-31,215552000.0,112406000.0,3866000.0,6.0,-955602000.0,721997000.0,0.0,514000.0,-3023000.0,42377000.0,580994000.0,61.0,0.0,842529000.0,626665000.0,-90362000.0,-187273000.0,0.0,4976879000.0,0.0,57.0,776156000.0,-73382000.0,0.0,96911000.0,17049000.0,-45385000.0,-65244000.0,2005000000.0,103517000.0,265162000.0,-20440000.0,740737000.0,232157000.0,-993334000.0,-113891000.0,186326000.0,-113891000.0,-107476000.0,124552000.0,-90362000.0,7.0,36717000.0,2671000.0,-365000.0,85000.0,7653000.0,169630000.0,-2502000.0,14.0,9.0,8.0,54.0,1552014000.0,0.0,112253000.0,20000000.0,0.0,5261899000.0,144786000.0,235552000.0,2009188000.0,3252711000.0,5261899000.0,1357150000.0,-306835000.0,2015.0,-0.28,406753571.429
369,COL,2016-09-30,1325000000.0,-91000000.0,20000000.0,35.0,-193000000.0,1506000000.0,14.0,340000000.0,-18000000.0,1000000.0,3642000000.0,149.0,219000000.0,0.0,253000000.0,999000000.0,935000000.0,-4000000.0,1035000000.0,1919000000.0,31.0,1617000000.0,208000000.0,667000000.0,64000000.0,1939000000.0,0.0,-11000000.0,1382000000.0,0.0,-8000000.0,88000000.0,723000000.0,-422000000.0,-209000000.0,728000000.0,71000000.0,728000000.0,727000000.0,1094000000.0,979000000.0,19.0,377000000.0,117000000.0,-1898000000.0,-2000000.0,-16000000.0,1895000000.0,-209000000.0,18.0,45.0,14.0,66.0,3327000000.0,-240000000.0,638000000.0,740000000.0,0.0,7707000000.0,3490000000.0,2346000000.0,2078000000.0,5629000000.0,7707000000.0,5259000000.0,-858000000.0,2016.0,5.58,130465949.82100001
373,COO,2016-10-31,185103000.0,1645000.0,-2257000.0,10.0,-152640000.0,1493965000.0,19.0,100817000.0,12249000.0,5208000.0,793735000.0,174.0,6107000.0,37532000.0,198274000.0,321823000.0,295633000.0,-5085000.0,877672000.0,2164748000.0,60.0,1173079000.0,20699000.0,441086000.0,26190000.0,417696000.0,0.0,-4794000.0,1107448000.0,0.0,-14959000.0,84391000.0,509637000.0,-1382000.0,-418779000.0,273917000.0,32500000.0,273917000.0,273917000.0,338473000.0,324080000.0,16.0,51847000.0,77472000.0,-489600000.0,4985000.0,-266139000.0,94448000.0,-5171000.0,15.0,11.0,14.0,96.0,2050443000.0,4985000.0,722798000.0,226325000.0,0.0,4475918000.0,934458000.0,536455000.0,2699867000.0,1776051000.0,4475918000.0,1966814000.0,-360149000.0,2016.0,5.65,48480884.9558
377,COST,2016-08-28,11110000000.0,0.0,80000000.0,19.0,-2649000000.0,5490000000.0,30.0,3379000000.0,-25000000.0,2000000.0,102901000000.0,98.0,0.0,0.0,1255000000.0,3752000000.0,3619000000.0,50000000.0,17043000000.0,0.0,13.0,15818000000.0,1243000000.0,0.0,133000000.0,8969000000.0,277000000.0,-1532000000.0,4061000000.0,0.0,-1022000000.0,-1422000000.0,3292000000.0,-2419000000.0,-2345000000.0,2350000000.0,671000000.0,2350000000.0,2350000000.0,1252000000.0,3672000000.0,3.0,902000000.0,268000000.0,-1099000000.0,-239000000.0,27000000.0,1195000000.0,547000000.0,3.0,30.0,2.0,40.0,7686000000.0,-486000000.0,12068000000.0,1100000000.0,1350000000.0,33163000000.0,15218000000.0,15575000000.0,12079000000.0,21084000000.0,33163000000.0,118719000000.0,0.0,2016.0,5.36,438432835.821
381,COTY,2007-02-28,15569000.0,-2979000.0,-54669000.0,134.0,-896000.0,74828000.0,15.0,3303000.0,-12364000.0,37000.0,84477000.0,221.0,0.0,0.0,8248000.0,-65357000.0,-80273000.0,42000.0,6500000.0,0.0,15.0,15165000.0,0.0,151634000.0,14916000.0,28633000.0,0.0,6133000.0,271317000.0,0.0,112027000.0,1427000.0,-25393000.0,108413000.0,-81635000.0,-103603000.0,62297000.0,-104356000.0,-80273000.0,10961000.0,-10688000.0,11.0,10103000.0,5761000.0,-568000.0,0.0,-80739000.0,668000.0,-6455000.0,81.0,104.0,104.0,91.0,-151435000.0,-3614000.0,25853000.0,2000000.0,0.0,216895000.0,48658000.0,22048000.0,-77138000.0,294033000.0,216895000.0,99642000.0,0.0,,,
385,CPB,2016-07-31,1336000000.0,24000000.0,4000000.0,37.0,-341000000.0,354000000.0,12.0,296000000.0,59000000.0,12000000.0,5181000000.0,75.0,0.0,396000000.0,308000000.0,964000000.0,849000000.0,5000000.0,2407000000.0,2263000000.0,35.0,2780000000.0,286000000.0,1152000000.0,115000000.0,940000000.0,0.0,-15000000.0,2314000000.0,0.0,-762000000.0,43000000.0,1463000000.0,-1071000000.0,-354000000.0,563000000.0,529000000.0,563000000.0,563000000.0,626000000.0,960000000.0,12.0,107000000.0,46000000.0,-104000000.0,0.0,-13000000.0,1039000000.0,-5000000.0,11.0,56.0,7.0,38.0,1927000000.0,-141000000.0,1665000000.0,1219000000.0,0.0,7837000000.0,1908000000.0,2555000000.0,1525000000.0,6312000000.0,7837000000.0,7961000000.0,-664000000.0,2016.0,1.82,309340659.34099996
389,CRM,2016-01-31,1349338000.0,-582425000.0,21841000.0,1.0,-709852000.0,5705386000.0,24.0,1158363000.0,0.0,671000.0,1654548000.0,77.0,189943000.0,23886000.0,872291000.0,136764000.0,64279000.0,-7109000.0,1715828000.0,3849937000.0,75.0,5012668000.0,111705000.0,384258000.0,72485000.0,0.0,-967711000.0,1223672000.0,1293947000.0,1904717000.0,-382330000.0,250246000.0,1612585000.0,132648000.0,-1487878000.0,-47426000.0,475723000.0,-47426000.0,-47426000.0,2496165000.0,114923000.0,2.0,378762000.0,509781000.0,-49917000.0,0.0,189685000.0,833065000.0,-329250000.0,1.0,1.0,1.0,77.0,-653271000.0,455482000.0,3951445000.0,0.0,183018000.0,12770772000.0,4347327000.0,5617005000.0,5002869000.0,7767903000.0,12770772000.0,6667216000.0,0.0,2016.0,-0.07,677514285.714
393,CSCO,2016-07-30,4524000000.0,-554000000.0,936000000.0,17.0,-1146000000.0,0.0,264.0,7631000000.0,315000000.0,44516000000.0,18287000000.0,316.0,4299000000.0,6317000000.0,2150000000.0,13596000000.0,12920000000.0,0.0,3506000000.0,26625000000.0,63.0,30960000000.0,2181000000.0,2501000000.0,676000000.0,1217000000.0,-4032000000.0,148000000.0,24483000000.0,4158000000.0,3111000000.0,754000000.0,13570000000.0,-4699000000.0,-8117000000.0,10739000000.0,809000000.0,10739000000.0,10739000000.0,10119000000.0,12660000000.0,26.0,1844000000.0,1627000000.0,-326000000.0,150000000.0,-2939000000.0,2356000000.0,-37000000.0,26.0,20.0,22.0,311.0,19396000000.0,-3339000000.0,11433000000.0,4160000000.0,58125000000.0,121652000000.0,78719000000.0,24911000000.0,63586000000.0,58066000000.0,121652000000.0,49247000000.0,0.0,2016.0,2.13,5041784037.56
395,CSRA,2016-04-01,915548000.0,185939000.0,15221000.0,159.0,-139420000.0,117376000.0,12.0,130016000.0,0.0,163000.0,3575631000.0,93.0,0.0,162844000.0,195189000.0,202564000.0,149089000.0,0.0,530087000.0,2332158000.0,16.0,674816000.0,46167000.0,910836000.0,53475000.0,0.0,0.0,-60266000.0,2764854000.0,0.0,2463465000.0,125037000.0,553516000.0,1176840000.0,-1605319000.0,102922000.0,159587000.0,87145000.0,102922000.0,751228000.0,187343000.0,4.0,68697000.0,123278000.0,20908000.0,7977000.0,-1465899000.0,742625000.0,-29855000.0,4.0,231.0,2.0,93.0,-73901000.0,-74733000.0,187244000.0,170191000.0,0.0,4846300000.0,1004522000.0,1085739000.0,64546000.0,4781754000.0,4846300000.0,4250447000.0,0.0,2016.0,0.54,190596296.29599997
399,CSX,2016-12-30,1480000000.0,84000000.0,-69000000.0,15.0,-2398000000.0,138000000.0,50.0,603000000.0,0.0,928000000.0,2782000000.0,122.0,0.0,9596000000.0,1301000000.0,3320000000.0,2741000000.0,0.0,31150000000.0,0.0,75.0,8287000000.0,1027000000.0,0.0,579000000.0,407000000.0,396000000.0,98000000.0,10962000000.0,1459000000.0,781000000.0,-25000000.0,3041000000.0,-1268000000.0,-1798000000.0,1714000000.0,-43000000.0,1714000000.0,1714000000.0,938000000.0,3389000000.0,31.0,318000000.0,122000000.0,-640000000.0,-313000000.0,204000000.0,1122000000.0,-113000000.0,25.0,23.0,15.0,102.0,11253000000.0,-1056000000.0,3597000000.0,331000000.0,417000000.0,35414000000.0,2487000000.0,2040000000.0,11679000000.0,23735000000.0,35414000000.0,11069000000.0,0.0,,,
403,CTAS,2016-05-31,565555000.0,-52762000.0,896000.0,38.0,-275385000.0,205260000.0,26.0,139357000.0,-17917000.0,409682000.0,2775588000.0,195.0,0.0,259475000.0,165279000.0,782644000.0,718122000.0,-5218000.0,994237000.0,1291593000.0,43.0,2129870000.0,261181000.0,83715000.0,64522000.0,249362000.0,520870000.0,35662000.0,1050000000.0,124952000.0,-16000.0,-277716000.0,465845000.0,-866724000.0,128381000.0,693520000.0,-349866000.0,693520000.0,456941000.0,564890000.0,781748000.0,16.0,19861000.0,566021000.0,-24874000.0,490000.0,-117104000.0,136704000.0,-8071000.0,15.0,39.0,14.0,164.0,4805867000.0,-751925000.0,1348122000.0,250000000.0,70405000.0,4104393000.0,1590035000.0,815555000.0,1842659000.0,2261734000.0,4104393000.0,4905458000.0,-3553276000.0,2016.0,6.3,110082539.683
407,CTL,2015-12-31,2881000000.0,-132000000.0,23000000.0,6.0,-2872000000.0,15178000000.0,3.0,126000000.0,0.0,544000000.0,7778000000.0,58.0,0.0,3569000000.0,4186000000.0,2628000000.0,1316000000.0,0.0,18069000000.0,20742000000.0,57.0,10122000000.0,438000000.0,5483000000.0,1312000000.0,0.0,0.0,-277000000.0,18722000000.0,0.0,-292000000.0,-2000000.0,5152000000.0,-2301000000.0,-2853000000.0,878000000.0,609000000.0,878000000.0,878000000.0,1943000000.0,2605000000.0,15.0,660000000.0,581000000.0,-1934000000.0,-3000000.0,19000000.0,6649000000.0,-112000000.0,7.0,9.0,5.0,58.0,272000000.0,-808000000.0,3328000000.0,1503000000.0,0.0,47604000000.0,2650000000.0,4604000000.0,14060000000.0,33544000000.0,47604000000.0,17900000000.0,0.0,2015.0,1.58,555696202.532
411,CTSH,2015-12-31,1983700000.0,-322400000.0,39300000.0,17.0,-272800000.0,453000000.0,182.0,2125200000.0,0.0,6100000.0,7440200000.0,291.0,347800000.0,52600000.0,330000000.0,2181300000.0,2163600000.0,-19500000.0,1271400000.0,2404700000.0,40.0,4975800000.0,540000000.0,864300000.0,17700000.0,0.0,-1096100000.0,502200000.0,881200000.0,0.0,-353400000.0,115100000.0,2153300000.0,-648100000.0,-1370600000.0,1623600000.0,91000000.0,1623600000.0,1623600000.0,2621600000.0,2142000000.0,17.0,268600000.0,337500000.0,-106200000.0,0.0,-1700000.0,139800000.0,-71100000.0,17.0,23.0,13.0,291.0,8925200000.0,-328400000.0,2508600000.0,406300000.0,2824300000.0,13065400000.0,7908600000.0,2713700000.0,9278100000.0,3787300000.0,13065400000.0,12416000000.0,0.0,2015.0,2.67,608089887.64
415,CTXS,2016-12-31,426715000.0,-60636000.0,12555000.0,21.0,-134170000.0,4761588000.0,54.0,956956000.0,-4133000.0,303000.0,559541000.0,83.0,252396000.0,480359000.0,286123000.0,661713000.0,616764000.0,-5157000.0,343820000.0,1966810000.0,84.0,2858724000.0,80652000.0,227993000.0,44949000.0,12522000.0,-310711000.0,228844000.0,0.0,980142000.0,0.0,588438000.0,1115830000.0,-38031000.0,-484204000.0,536112000.0,144452000.0,536112000.0,536112000.0,725940000.0,649158000.0,19.0,57789000.0,138786000.0,-28704000.0,-66638000.0,-39323000.0,123297000.0,-14932000.0,18.0,24.0,16.0,82.0,4010737000.0,12558000.0,1620006000.0,1348156000.0,727073000.0,6390227000.0,2561277000.0,3098349000.0,2608727000.0,3781500000.0,6390227000.0,3418265000.0,-6135197000.0,,,
419,CVS,2016-12-31,14883000000.0,243000000.0,-643000000.0,14.0,-2224000000.0,31618000000.0,13.0,3371000000.0,742000000.0,17000000.0,148669000000.0,118.0,0.0,4214000000.0,2475000000.0,9695000000.0,8637000000.0,2000000.0,10175000000.0,38249000000.0,16.0,28857000000.0,3317000000.0,13511000000.0,1058000000.0,14760000000.0,256000000.0,2250000000.0,25615000000.0,0.0,-614000000.0,912000000.0,10069000000.0,-6689000000.0,-2470000000.0,5317000000.0,-268000000.0,5317000000.0,5320000000.0,12164000000.0,10338000000.0,6.0,1485000000.0,660000000.0,-336000000.0,-31000000.0,-502000000.0,1549000000.0,8000000.0,5.0,23.0,3.0,62.0,38983000000.0,-4276000000.0,0.0,11367000000.0,87000000.0,94462000000.0,31042000000.0,26250000000.0,36830000000.0,57632000000.0,94462000000.0,177526000000.0,-33452000000.0,,,
423,CVX,2015-12-31,21536000000.0,-59000000.0,3868000000.0,3.0,-29504000000.0,16330000000.0,43.0,11022000000.0,0.0,1832000000.0,92785000000.0,134.0,6801000000.0,44154000000.0,21037000000.0,4842000000.0,4842000000.0,-226000000.0,189845000000.0,4588000000.0,29.0,37140000000.0,132000000.0,0.0,0.0,6334000000.0,166000000.0,-868000000.0,33664000000.0,29522000000.0,10724000000.0,-1763000000.0,19456000000.0,2815000000.0,-23808000000.0,4587000000.0,-3609000000.0,4587000000.0,9271000000.0,12860000000.0,-3710000000.0,3.0,0.0,4821000000.0,-4531000000.0,0.0,5530000000.0,7935000000.0,-1755000000.0,4.0,3.0,4.0,110.0,181578000000.0,211000000.0,16473000000.0,4928000000.0,310000000.0,266103000000.0,35347000000.0,26464000000.0,152716000000.0,113387000000.0,266103000000.0,129925000000.0,-42493000000.0,2015.0,2.46,1864634146.34
427,CXO,2015-12-31,241723000.0,117716000.0,631404000.0,1.0,-2511403000.0,4628390000.0,38.0,228550000.0,-5154000.0,129000.0,541359000.0,220.0,15585000.0,1630373000.0,1230853000.0,312655000.0,97271000.0,0.0,10996065000.0,0.0,70.0,1262214000.0,31371000.0,25693000.0,215384000.0,0.0,541574000.0,-73721000.0,3332188000.0,167038000.0,-232041000.0,228529000.0,897505000.0,1300749000.0,-1969725000.0,65900000.0,-434363000.0,65900000.0,65900000.0,394580000.0,381003000.0,21.0,122945000.0,691420000.0,0.0,2150000.0,104000.0,140344000.0,-3726000.0,5.0,1.0,4.0,220.0,2345641000.0,1530640000.0,230734000.0,0.0,0.0,12641876000.0,1314550000.0,596420000.0,6942551000.0,5699325000.0,12641876000.0,1803573000.0,-31609000.0,2015.0,0.54,122037037.037
431,D,2015-12-31,1241000000.0,294000000.0,196000000.0,15.0,-5575000000.0,0.0,8.0,623000000.0,-26000000.0,6680000000.0,6201000000.0,52.0,0.0,7414000000.0,1669000000.0,3732000000.0,2828000000.0,0.0,41554000000.0,3294000000.0,47.0,5482000000.0,905000000.0,570000000.0,904000000.0,1348000000.0,-901000000.0,-251000000.0,23616000000.0,5774000000.0,3004000000.0,289000000.0,4475000000.0,2317000000.0,-6503000000.0,1899000000.0,788000000.0,1899000000.0,1899000000.0,1369000000.0,3536000000.0,30.0,3414000000.0,851000000.0,-474000000.0,-224000000.0,-27000000.0,6045000000.0,78000000.0,24.0,22.0,16.0,35.0,6458000000.0,1073000000.0,551000000.0,5647000000.0,0.0,58797000000.0,4191000000.0,8120000000.0,12664000000.0,46133000000.0,58797000000.0,11683000000.0,0.0,2015.0,3.21,591588785.0469999
435,DAL,2016-12-31,7146000000.0,-147000000.0,72000000.0,36.0,-3391000000.0,12294000000.0,24.0,3155000000.0,-140000000.0,0.0,15940000000.0,49.0,3064000000.0,2278000000.0,1902000000.0,7024000000.0,6636000000.0,0.0,24375000000.0,9794000000.0,60.0,23699000000.0,2263000000.0,4844000000.0,388000000.0,891000000.0,979000000.0,453000000.0,6201000000.0,0.0,-1259000000.0,790000000.0,7205000000.0,-4260000000.0,-2155000000.0,4373000000.0,1004000000.0,4373000000.0,4373000000.0,2064000000.0,6952000000.0,18.0,1733000000.0,854000000.0,-7636000000.0,269000000.0,257000000.0,15256000000.0,-240000000.0,17.0,54.0,11.0,43.0,7903000000.0,-2601000000.0,14845000000.0,1819000000.0,487000000.0,51261000000.0,7451000000.0,15239000000.0,12287000000.0,38974000000.0,51261000000.0,39639000000.0,-274000000.0,,,
439,DD,2016-12-31,8468000000.0,-270000000.0,156000000.0,25.0,-1019000000.0,11190000000.0,67.0,4605000000.0,-54000000.0,285000000.0,14469000000.0,192.0,3308000000.0,431000000.0,1258000000.0,3635000000.0,3265000000.0,-153000000.0,9231000000.0,4180000000.0,41.0,10125000000.0,744000000.0,3664000000.0,370000000.0,5673000000.0,-837000000.0,-808000000.0,8107000000.0,649000000.0,-240000000.0,-695000000.0,3300000000.0,-2328000000.0,-1514000000.0,2513000000.0,649000000.0,2513000000.0,2521000000.0,4971000000.0,3479000000.0,14.0,1815000000.0,506000000.0,-9911000000.0,-18000000.0,342000000.0,12333000000.0,0.0,13.0,33.0,10.0,129.0,14924000000.0,-735000000.0,5005000000.0,429000000.0,1362000000.0,39964000000.0,17117000000.0,8897000000.0,9998000000.0,29966000000.0,39964000000.0,24594000000.0,-6727000000.0,,,
443,DE,2016-10-31,7487700000.0,335200000.0,0.0,23.0,-2955100000.0,0.0,25.0,4335800000.0,-106100000.0,3911800000.0,18248900000.0,211.0,2964400000.0,0.0,1559800000.0,2987700000.0,2224000000.0,-13000000.0,11072100000.0,815700000.0,32.0,8395100000.0,700100000.0,104100000.0,763700000.0,3340500000.0,655100000.0,85000000.0,23759700000.0,232600000.0,-1410500000.0,173600000.0,3764300000.0,-2400500000.0,-1177200000.0,1523900000.0,530800000.0,1523900000.0,1523900000.0,32875100000.0,2987700000.0,11.0,1787600000.0,0.0,-5626000000.0,-64700000.0,1122800000.0,8274500000.0,-161900000.0,8.0,34.0,6.0,194.0,23911300000.0,-169400000.0,4018300000.0,11914700000.0,453500000.0,57981400000.0,41004900000.0,19402400000.0,6520000000.0,51461400000.0,57981400000.0,26644000000.0,-15677100000.0,2016.0,0.91,1674615384.62
447,DFS,2015-12-31,3343000000.0,0.0,0.0,20.0,-168000000.0,3885000000.0,,12656000000.0,0.0,5000000.0,623000000.0,,0.0,0.0,-41000000.0,4252000000.0,3612000000.0,0.0,693000000.0,255000000.0,0.0,0.0,1315000000.0,168000000.0,640000000.0,0.0,-2708000000.0,162000000.0,0.0,73699000000.0,2017000000.0,2288000000.0,3854000000.0,1302000000.0,-2868000000.0,2297000000.0,-1056000000.0,2246000000.0,2297000000.0,0.0,0.0,0.0,2549000000.0,0.0,-160000000.0,1510000000.0,8000000.0,0.0,-237000000.0,36.0,32.0,23.0,,13250000000.0,-1710000000.0,3615000000.0,0.0,0.0,86936000000.0,0.0,0.0,11275000000.0,75661000000.0,86936000000.0,10002000000.0,-6265000000.0,2015.0,5.14,446887159.53300005
451,DG,2016-01-29,1994217000.0,0.0,-326000.0,22.0,-504806000.0,3107283000.0,8.0,157947000.0,-290001000.0,250855000.0,14062471000.0,172.0,0.0,639955000.0,352431000.0,1939968000.0,1853024000.0,0.0,2264062000.0,4338589000.0,31.0,6306091000.0,687944000.0,1200994000.0,86944000.0,3074153000.0,0.0,130911000.0,2969175000.0,0.0,247819000.0,-421876000.0,1377988000.0,-1296481000.0,-503383000.0,1165080000.0,45098000.0,1165080000.0,1165080000.0,6843000.0,1940294000.0,10.0,21830000.0,193467000.0,-5807000.0,0.0,1423000.0,275283000.0,-25531000.0,9.0,34.0,6.0,18.0,2025545000.0,-1292679000.0,4365797000.0,1379000.0,0.0,11257885000.0,3432410000.0,1995596000.0,5377876000.0,5880009000.0,11257885000.0,20368562000.0,0.0,2015.0,3.96,294212121.212
455,DGX,2015-12-31,1014000000.0,-262000000.0,-143000000.0,15.0,-263000000.0,2481000000.0,11.0,133000000.0,0.0,2000000.0,4657000000.0,128.0,0.0,0.0,304000000.0,1256000000.0,1103000000.0,0.0,925000000.0,5905000000.0,38.0,2836000000.0,373000000.0,984000000.0,153000000.0,84000000.0,-32000000.0,-72000000.0,3492000000.0,473000000.0,-84000000.0,-59000000.0,810000000.0,-507000000.0,-362000000.0,709000000.0,128000000.0,709000000.0,753000000.0,901000000.0,1399000000.0,19.0,174000000.0,383000000.0,-38000000.0,-73000000.0,-67000000.0,514000000.0,-41000000.0,15.0,24.0,9.0,121.0,6199000000.0,-101000000.0,1356000000.0,159000000.0,0.0,9962000000.0,1501000000.0,1173000000.0,4684000000.0,5278000000.0,9962000000.0,7493000000.0,-3960000000.0,2015.0,4.92,144105691.057
459,DHI,2016-09-30,1494600000.0,0.0,26200000.0,13.0,-86100000.0,2865800000.0,,1312700000.0,-506500000.0,3800000.0,9502600000.0,,0.0,0.0,66400000.0,1353500000.0,1353500000.0,0.0,195400000.0,80000000.0,22.0,2654800000.0,467200000.0,0.0,0.0,8340900000.0,-46200000.0,52100000.0,3271300000.0,654000000.0,-549700000.0,-80600000.0,618000000.0,-586000000.0,-112600000.0,886300000.0,148400000.0,886300000.0,886300000.0,476300000.0,1547300000.0,13.0,499600000.0,0.0,0.0,10000000.0,19700000.0,0.0,-28700000.0,11.0,20.0,7.0,,4057200000.0,72400000.0,1100300000.0,0.0,0.0,11558900000.0,0.0,0.0,6792500000.0,4766400000.0,11558900000.0,12157400000.0,-134300000.0,2016.0,2.39,370836820.084
463,DHR,2015-12-31,5325200000.0,-52100000.0,17700000.0,14.0,-633000000.0,4981200000.0,13.0,790800000.0,119700000.0,8000000.0,9800600000.0,127.0,0.0,0.0,1051300000.0,3486800000.0,3324000000.0,-115800000.0,2825600000.0,25070300000.0,52.0,10762500000.0,725300000.0,11270300000.0,162800000.0,2095400000.0,-44100000.0,221800000.0,12025200000.0,0.0,9158600000.0,-2214800000.0,3801800000.0,9050200000.0,-14951000000.0,3357400000.0,-632100000.0,3357400000.0,2598700000.0,3964100000.0,3469100000.0,17.0,1219300000.0,986400000.0,-2311200000.0,-3300000.0,-14273900000.0,6262600000.0,-238000000.0,16.0,14.0,16.0,93.0,21012300000.0,249000000.0,6054300000.0,845200000.0,0.0,48222200000.0,7836700000.0,6170400000.0,23690300000.0,24531900000.0,48222200000.0,20563100000.0,0.0,2015.0,4.81,698004158.004
467,DIS,2016-10-01,9130000000.0,-393000000.0,0.0,22.0,-4773000000.0,0.0,27.0,4610000000.0,186000000.0,35859000000.0,29993000000.0,101.0,0.0,3679000000.0,2527000000.0,14868000000.0,14868000000.0,-123000000.0,27349000000.0,27810000000.0,46.0,25639000000.0,5078000000.0,6949000000.0,0.0,1390000000.0,45000000.0,-558000000.0,16483000000.0,4280000000.0,2940000000.0,341000000.0,13213000000.0,-6991000000.0,-5758000000.0,9391000000.0,1798000000.0,9391000000.0,10317000000.0,9065000000.0,14202000000.0,26.0,8679000000.0,1901000000.0,-3979000000.0,-378000000.0,-1030000000.0,7706000000.0,-137000000.0,27.0,34.0,17.0,92.0,66088000000.0,-7240000000.0,8754000000.0,3687000000.0,0.0,92033000000.0,16966000000.0,16842000000.0,43265000000.0,48768000000.0,92033000000.0,55632000000.0,-54703000000.0,2016.0,5.76,1630381944.44
471,DISCA,2016-12-31,1316000000.0,-25000000.0,67000000.0,23.0,-88000000.0,7046000000.0,19.0,300000000.0,0.0,5000000.0,2432000000.0,166.0,0.0,553000000.0,2095000000.0,2024000000.0,1671000000.0,-30000000.0,482000000.0,8040000000.0,63.0,4065000000.0,453000000.0,1512000000.0,353000000.0,0.0,-185000000.0,-17000000.0,7841000000.0,557000000.0,203000000.0,-90000000.0,1373000000.0,-1177000000.0,-256000000.0,1194000000.0,138000000.0,1194000000.0,1156000000.0,1592000000.0,2058000000.0,32.0,2568000000.0,707000000.0,-762000000.0,-13000000.0,17000000.0,393000000.0,-2036000000.0,26.0,32.0,18.0,166.0,5232000000.0,-1407000000.0,1690000000.0,82000000.0,0.0,15758000000.0,2599000000.0,1561000000.0,5167000000.0,10591000000.0,15758000000.0,6497000000.0,-6356000000.0,,,
475,DISCK,2016-12-31,1316000000.0,-25000000.0,67000000.0,23.0,-88000000.0,7046000000.0,19.0,300000000.0,0.0,5000000.0,2432000000.0,166.0,0.0,553000000.0,2095000000.0,2024000000.0,1671000000.0,-30000000.0,482000000.0,8040000000.0,63.0,4065000000.0,453000000.0,1512000000.0,353000000.0,0.0,-185000000.0,-17000000.0,7841000000.0,557000000.0,203000000.0,-90000000.0,1373000000.0,-1177000000.0,-256000000.0,1194000000.0,138000000.0,1194000000.0,1156000000.0,1592000000.0,2058000000.0,32.0,2568000000.0,707000000.0,-762000000.0,-13000000.0,17000000.0,393000000.0,-2036000000.0,26.0,32.0,18.0,166.0,5232000000.0,-1407000000.0,1690000000.0,82000000.0,0.0,15758000000.0,2599000000.0,1561000000.0,5167000000.0,10591000000.0,15758000000.0,6497000000.0,-6356000000.0,,,
479,DLPH,2016-12-31,4136000000.0,-199000000.0,-366000000.0,52.0,-828000000.0,1633000000.0,20.0,839000000.0,-53000000.0,3000000.0,13107000000.0,131.0,0.0,0.0,713000000.0,1581000000.0,1425000000.0,-23000000.0,3515000000.0,1508000000.0,21.0,3554000000.0,242000000.0,1240000000.0,156000000.0,1232000000.0,-1000000.0,351000000.0,3959000000.0,101000000.0,-10000000.0,259000000.0,1941000000.0,-1081000000.0,-578000000.0,1257000000.0,-126000000.0,1257000000.0,1218000000.0,2938000000.0,1947000000.0,12.0,509000000.0,410000000.0,-1215000000.0,-44000000.0,251000000.0,1422000000.0,-71000000.0,9.0,59.0,8.0,101.0,1980000000.0,-634000000.0,1145000000.0,12000000.0,0.0,12292000000.0,5419000000.0,4148000000.0,2401000000.0,9891000000.0,12292000000.0,16661000000.0,0.0,,,
483,DLR,2015-12-31,735268000.0,-58531000.0,92075000.0,7.0,-99247000.0,4655220000.0,,75062000.0,0.0,1456000.0,651282000.0,,35204000.0,0.0,578064000.0,494134000.0,292699000.0,0.0,8664105000.0,330664000.0,63.0,1112054000.0,6451000.0,1424357000.0,201435000.0,0.0,-2626315000.0,36113000.0,4966357000.0,106107000.0,1390725000.0,22239000.0,799232000.0,1749029000.0,-2526022000.0,296689000.0,-78826000.0,217266000.0,296689000.0,580725000.0,401911000.0,23.0,54904000.0,0.0,-1446679000.0,-6352000.0,199540000.0,106909000.0,20821000.0,17.0,7.0,17.0,,0.0,919347000.0,139616000.0,1106231000.0,0.0,11451267000.0,0.0,0.0,4500132000.0,6951135000.0,11451267000.0,1763336000.0,0.0,2015.0,1.56,190185256.41
487,DLTR,2016-01-30,1264800000.0,0.0,-2100000.0,6.0,-480500000.0,2391200000.0,35.0,736100000.0,-87800000.0,2400000.0,10841700000.0,188.0,0.0,1586600000.0,552300000.0,1047600000.0,448200000.0,-900000.0,3137600000.0,5021700000.0,30.0,4656700000.0,165800000.0,3675200000.0,599400000.0,2885500000.0,29300000.0,11000000.0,7238400000.0,0.0,6203500000.0,-128000000.0,780900000.0,6070400000.0,-6978400000.0,282400000.0,86500000.0,282400000.0,282400000.0,0.0,1049700000.0,7.0,130800000.0,310300000.0,-43100000.0,0.0,-6527200000.0,573900000.0,-63500000.0,3.0,10.0,2.0,50.0,2056400000.0,13900000.0,3607000000.0,108000000.0,4000000.0,15901200000.0,3935900000.0,2095400000.0,4406900000.0,11494300000.0,15901200000.0,15498400000.0,0.0,2015.0,1.27,222362204.724
491,DNB,2015-12-31,291400000.0,-24500000.0,-6000000.0,15.0,-12800000.0,292200000.0,38.0,365700000.0,0.0,800000.0,0.0,100.0,93800000.0,0.0,98500000.0,331000000.0,280000000.0,-31100000.0,27200000.0,704000000.0,100.0,1637100000.0,74200000.0,428800000.0,51000000.0,0.0,-21900000.0,4400000.0,1804100000.0,4200000.0,171300000.0,46300000.0,343200000.0,110700000.0,-376500000.0,168800000.0,68200000.0,168800000.0,204200000.0,549200000.0,337000000.0,21.0,56000000.0,44700000.0,-965500000.0,-600000.0,-341800000.0,615600000.0,17100000.0,17.0,25.0,10.0,100.0,2932800000.0,8400000.0,1209100000.0,20000000.0,0.0,2273600000.0,959600000.0,959200000.0,-1116800000.0,3390400000.0,2273600000.0,1637100000.0,-3377100000.0,2015.0,4.68,36068376.0684
495,DOV,2016-12-31,1525768000.0,-44649000.0,111287000.0,13.0,-165205000.0,946755000.0,18.0,349146000.0,25858000.0,256538000.0,4322373000.0,133.0,0.0,710173000.0,360739000.0,825733000.0,689332000.0,-4779000.0,945670000.0,4562677000.0,36.0,2471969000.0,180440000.0,1802923000.0,136401000.0,870487000.0,0.0,186819000.0,3206637000.0,0.0,909216000.0,-13039000.0,861975000.0,633608000.0,-1503843000.0,508892000.0,-178273000.0,508892000.0,508892000.0,1265201000.0,714446000.0,11.0,215530000.0,104357000.0,-359326000.0,0.0,-1338638000.0,459117000.0,2589000.0,10.0,18.0,7.0,89.0,7927795000.0,8431000.0,1757523000.0,414550000.0,0.0,10115991000.0,2589191000.0,1940318000.0,3799746000.0,6316245000.0,10115991000.0,6794342000.0,-4972016000.0,,,
499,DPS,2016-12-31,307000000.0,-28000000.0,-3000000.0,40.0,-180000000.0,95000000.0,170.0,1787000000.0,3000000.0,2000000.0,2582000000.0,260.0,62000000.0,1929000000.0,160000000.0,1430000000.0,1283000000.0,-4000000.0,1138000000.0,2993000000.0,60.0,3858000000.0,434000000.0,2656000000.0,147000000.0,202000000.0,-7000000.0,-23000000.0,4468000000.0,23000000.0,1050000000.0,880000000.0,939000000.0,130000000.0,-189000000.0,847000000.0,30000000.0,847000000.0,847000000.0,646000000.0,1433000000.0,22.0,183000000.0,101000000.0,-229000000.0,-32000000.0,-2000000.0,209000000.0,-50000000.0,20.0,60.0,13.0,241.0,2266000000.0,-505000000.0,2326000000.0,10000000.0,0.0,9791000000.0,2736000000.0,1051000000.0,2134000000.0,7657000000.0,9791000000.0,6440000000.0,0.0,,,
503,DRI,2016-05-29,426100000.0,-14000000.0,0.0,19.0,-228300000.0,0.0,23.0,274800000.0,11800000.0,1502600000.0,5392400000.0,69.0,0.0,504900000.0,293800000.0,449700000.0,449700000.0,0.0,2041600000.0,872300000.0,22.0,1541100000.0,90000000.0,574600000.0,0.0,175400000.0,1800000.0,43600000.0,440000000.0,0.0,-1099600000.0,-261100000.0,820400000.0,-1120800000.0,75400000.0,375000000.0,124400000.0,375000000.0,359700000.0,227300000.0,622200000.0,9.0,273800000.0,142800000.0,-90300000.0,315000000.0,301900000.0,498600000.0,23200000.0,6.0,23.0,5.0,54.0,547500000.0,-85500000.0,622900000.0,0.0,0.0,4582600000.0,820300000.0,1187100000.0,1952000000.0,2630600000.0,4582600000.0,6933500000.0,-7800000.0,2016.0,2.94,127551020.40799999
507,DUK,2015-12-31,3178000000.0,359000000.0,349000000.0,7.0,-6766000000.0,37968000000.0,8.0,857000000.0,-237000000.0,1000000.0,13728000000.0,73.0,43000000.0,13177000000.0,3613000000.0,5750000000.0,4137000000.0,0.0,75709000000.0,16343000000.0,41.0,9731000000.0,1326000000.0,0.0,1613000000.0,3810000000.0,1374000000.0,-119000000.0,37495000000.0,6324000000.0,1171000000.0,-1179000000.0,6676000000.0,-2578000000.0,-5277000000.0,2816000000.0,539000000.0,2816000000.0,2811000000.0,2451000000.0,5367000000.0,23.0,14415000000.0,1204000000.0,-806000000.0,-3000000.0,115000000.0,19313000000.0,-310000000.0,18.0,10.0,12.0,40.0,2564000000.0,-1483000000.0,1135000000.0,5707000000.0,0.0,121156000000.0,8322000000.0,11400000000.0,39727000000.0,81429000000.0,121156000000.0,23459000000.0,0.0,2015.0,4.05,695308641.975
511,DVA,2015-12-31,1255876000.0,-170106000.0,-447559000.0,6.0,-707998000.0,1118326000.0,79.0,1499116000.0,-48313000.0,217000.0,9824834000.0,188.0,0.0,726962000.0,638024000.0,723136000.0,723136000.0,-2571000.0,2788740000.0,9294479000.0,29.0,3957003000.0,295726000.0,1687326000.0,0.0,185575000.0,-97032000.0,256947000.0,9001308000.0,167490000.0,619698000.0,533875000.0,1557200000.0,-138970000.0,-881784000.0,269732000.0,943290000.0,269732000.0,427410000.0,2220183000.0,1170695000.0,8.0,73560000.0,190322000.0,-59826000.0,0.0,-76754000.0,439229000.0,-490052000.0,5.0,15.0,2.0,180.0,4356835000.0,-535518000.0,1947135000.0,461139000.0,408084000.0,18514875000.0,4503280000.0,2399138000.0,4870780000.0,13644095000.0,18514875000.0,13781837000.0,-544772000.0,2015.0,1.27,212387401.575
515,DVN,2016-12-31,642000000.0,0.0,-78000000.0,56.0,-3971000000.0,7237000000.0,75.0,1959000000.0,0.0,52000000.0,1582000000.0,144.0,0.0,648000000.0,2061000000.0,-2973000000.0,-3877000000.0,-61000000.0,16190000000.0,3964000000.0,87.0,10615000000.0,-173000000.0,0.0,904000000.0,0.0,0.0,-1000000.0,10154000000.0,0.0,-2890000000.0,-351000000.0,1746000000.0,-1164000000.0,-872000000.0,-3302000000.0,3362000000.0,-3302000000.0,-3302000000.0,1356000000.0,-2895000000.0,24.0,1987000000.0,457000000.0,284000000.0,-278000000.0,3099000000.0,2120000000.0,28000000.0,32.0,65.0,27.0,144.0,-1646000000.0,2529000000.0,6476000000.0,0.0,0.0,25913000000.0,3772000000.0,2616000000.0,5927000000.0,19986000000.0,25913000000.0,12197000000.0,0.0,,,
519,EA,2016-03-31,799000000.0,127000000.0,0.0,34.0,-93000000.0,1349000000.0,159.0,2493000000.0,3000000.0,3000000.0,1354000000.0,180.0,387000000.0,2000000.0,197000000.0,877000000.0,877000000.0,-8000000.0,439000000.0,1710000000.0,69.0,3042000000.0,-279000000.0,57000000.0,0.0,33000000.0,-391000000.0,-64000000.0,991000000.0,0.0,519000000.0,425000000.0,1223000000.0,-306000000.0,-484000000.0,1156000000.0,188000000.0,1156000000.0,1156000000.0,233000000.0,898000000.0,20.0,103000000.0,254000000.0,-16000000.0,0.0,0.0,243000000.0,-384000000.0,20.0,26.0,26.0,179.0,2060000000.0,-911000000.0,1028000000.0,161000000.0,1341000000.0,7050000000.0,4354000000.0,2418000000.0,3396000000.0,3654000000.0,7050000000.0,4396000000.0,0.0,2016.0,3.73,309919571.046
523,EBAY,2016-12-31,2286000000.0,-48000000.0,0.0,69.0,-626000000.0,14907000000.0,186.0,1816000000.0,0.0,2000000.0,2007000000.0,231.0,4608000000.0,1888000000.0,682000000.0,3651000000.0,3651000000.0,-90000000.0,1516000000.0,4501000000.0,78.0,6972000000.0,-3634000000.0,102000000.0,0.0,0.0,-1149000000.0,-49000000.0,7509000000.0,3969000000.0,2196000000.0,-16000000.0,2826000000.0,-744000000.0,-2008000000.0,7266000000.0,-5141000000.0,7266000000.0,7285000000.0,592000000.0,2325000000.0,26.0,276000000.0,1134000000.0,-124000000.0,-114000000.0,-233000000.0,64000000.0,117000000.0,41.0,35.0,81.0,231.0,14959000000.0,-2841000000.0,3499000000.0,1451000000.0,5333000000.0,23847000000.0,8875000000.0,3847000000.0,10539000000.0,13308000000.0,23847000000.0,8979000000.0,-19205000000.0,,,
527,ECL,2015-12-31,1610800000.0,-24000000.0,0.0,15.0,-771000000.0,5086100000.0,2.0,92800000.0,-48600000.0,350300000.0,7223500000.0,93.0,0.0,0.0,859500000.0,1561300000.0,1317700000.0,-49900000.0,3228300000.0,6490800000.0,47.0,6321600000.0,300500000.0,4109200000.0,243600000.0,1388200000.0,108400000.0,62300000.0,4260200000.0,0.0,-123100000.0,-116800000.0,1999800000.0,-1150900000.0,-915800000.0,1002100000.0,202500000.0,1002100000.0,1002100000.0,2640200000.0,1561300000.0,12.0,365900000.0,326300000.0,-1423300000.0,-12900000.0,-253200000.0,2636700000.0,-69100000.0,10.0,19.0,7.0,64.0,6160300000.0,-672000000.0,4345500000.0,2205300000.0,0.0,18641700000.0,4447500000.0,4764400000.0,6909900000.0,11731800000.0,18641700000.0,13545100000.0,-3263500000.0,2015.0,3.38,296479289.941
531,ED,2016-12-31,1462000000.0,-15000000.0,168000000.0,9.0,0.0,0.0,20.0,776000000.0,13000000.0,0.0,6357000000.0,89.0,136000000.0,10460000000.0,1006000000.0,2639000000.0,1943000000.0,0.0,35216000000.0,428000000.0,47.0,5718000000.0,698000000.0,124000000.0,696000000.0,339000000.0,-5158000000.0,258000000.0,14735000000.0,1921000000.0,1356000000.0,-172000000.0,3459000000.0,1345000000.0,-4976000000.0,1245000000.0,874000000.0,1245000000.0,1245000000.0,1827000000.0,2575000000.0,21.0,7024000000.0,464000000.0,0.0,0.0,182000000.0,4911000000.0,78000000.0,16.0,14.0,10.0,80.0,0.0,753000000.0,2031000000.0,1170000000.0,0.0,48255000000.0,3406000000.0,3843000000.0,14298000000.0,33957000000.0,48255000000.0,12075000000.0,0.0,,,
535,EFX,2015-12-31,292500000.0,-26900000.0,6500000.0,19.0,-146200000.0,1260500000.0,15.0,93300000.0,0.0,236600000.0,887400000.0,93.0,0.0,205500000.0,200000000.0,700400000.0,636600000.0,-17300000.0,366800000.0,2571000000.0,67.0,1776200000.0,201800000.0,922600000.0,63800000.0,0.0,-100000.0,123800000.0,1145900000.0,0.0,-331000000.0,-35000000.0,742100000.0,-612000000.0,-147800000.0,429100000.0,-5500000.0,429100000.0,434800000.0,349800000.0,693900000.0,26.0,87000000.0,118500000.0,-490700000.0,0.0,-1500000.0,203400000.0,15900000.0,24.0,28.0,16.0,93.0,3834400000.0,-161900000.0,884300000.0,49300000.0,0.0,4509000000.0,561600000.0,603800000.0,2310900000.0,2198100000.0,4509000000.0,2663600000.0,-2529900000.0,2015.0,3.61,118864265.92799999
539,EIX,2015-12-31,1382000000.0,49000000.0,115000000.0,10.0,-4225000000.0,0.0,3.0,161000000.0,14000000.0,2484000000.0,7256000000.0,54.0,0.0,10826000000.0,2005000000.0,2123000000.0,1568000000.0,0.0,35085000000.0,0.0,37.0,4268000000.0,486000000.0,0.0,555000000.0,267000000.0,374000000.0,8000000.0,10964000000.0,4618000000.0,86000000.0,29000000.0,4509000000.0,-588000000.0,-3892000000.0,1117000000.0,-300000000.0,1020000000.0,1082000000.0,1336000000.0,2008000000.0,17.0,7953000000.0,890000000.0,-56000000.0,-25000000.0,-41000000.0,10199000000.0,1616000000.0,14.0,14.0,10.0,48.0,8940000000.0,11000000.0,336000000.0,1208000000.0,0.0,50310000000.0,2654000000.0,4927000000.0,11368000000.0,38942000000.0,50310000000.0,11524000000.0,0.0,2015.0,3.13,356869009.585
543,EL,2016-06-30,2349000000.0,-100900000.0,15600000.0,31.0,-525300000.0,3160700000.0,52.0,914100000.0,-69000000.0,5700000.0,2181100000.0,158.0,0.0,0.0,414700000.0,1625900000.0,1555200000.0,-21800000.0,1583300000.0,1227800000.0,81.0,9081200000.0,434400000.0,344500000.0,70700000.0,1263400000.0,-642700000.0,386900000.0,1910000000.0,1107700000.0,608200000.0,-107300000.0,1788700000.0,-604900000.0,-1269300000.0,1114600000.0,108200000.0,1114600000.0,1114600000.0,1258300000.0,1610300000.0,14.0,734900000.0,320000000.0,-544800000.0,0.0,-101300000.0,1045500000.0,-72000000.0,14.0,44.0,10.0,110.0,7693300000.0,-805500000.0,7337800000.0,331500000.0,469300000.0,9223300000.0,4225100000.0,2680500000.0,3571900000.0,5636000000.0,9207900000.0,11262300000.0,-6743000000.0,2016.0,3.01,370299003.32199997
547,EMN,2015-12-31,1625000000.0,114000000.0,8000000.0,22.0,-652000000.0,1863000000.0,14.0,293000000.0,-26000000.0,2000000.0,7068000000.0,140.0,0.0,928000000.0,571000000.0,1392000000.0,1129000000.0,-8000000.0,5130000000.0,4518000000.0,27.0,2580000000.0,275000000.0,2650000000.0,263000000.0,1479000000.0,0.0,-361000000.0,6608000000.0,0.0,-505000000.0,79000000.0,1612000000.0,-832000000.0,-693000000.0,848000000.0,329000000.0,848000000.0,854000000.0,1038000000.0,1384000000.0,14.0,435000000.0,68000000.0,-390000000.0,0.0,-41000000.0,1998000000.0,131000000.0,12.0,29.0,9.0,68.0,5146000000.0,-83000000.0,762000000.0,431000000.0,0.0,15611000000.0,2878000000.0,2056000000.0,3941000000.0,11670000000.0,15611000000.0,9648000000.0,-2680000000.0,2015.0,5.71,148511383.538
551,EMR,2016-09-30,3823000000.0,-162000000.0,0.0,22.0,-447000000.0,205000000.0,40.0,3182000000.0,-58000000.0,477000000.0,8260000000.0,124.0,0.0,0.0,568000000.0,2504000000.0,2316000000.0,-82000000.0,6761000000.0,3909000000.0,43.0,6262000000.0,697000000.0,902000000.0,188000000.0,1208000000.0,0.0,-123000000.0,4062000000.0,0.0,-198000000.0,128000000.0,2881000000.0,-2045000000.0,-626000000.0,1664000000.0,174000000.0,1635000000.0,1619000000.0,2701000000.0,2504000000.0,17.0,211000000.0,2869000000.0,-1999000000.0,-19000000.0,-179000000.0,2055000000.0,436000000.0,16.0,31.0,11.0,109.0,21716000000.0,-601000000.0,3758000000.0,2584000000.0,0.0,21743000000.0,9960000000.0,8008000000.0,7568000000.0,14175000000.0,21743000000.0,14522000000.0,-12831000000.0,2016.0,2.53,657707509.881
555,EOG,2015-12-31,1657117000.0,641412000.0,1916000.0,35.0,-5013163000.0,2923461000.0,39.0,718506000.0,58450000.0,205502000.0,2177757000.0,142.0,0.0,4587902000.0,3313644000.0,-6684163000.0,-6921556000.0,-14537000.0,24210721000.0,0.0,75.0,6579671000.0,-2397041000.0,0.0,237393000.0,598935000.0,0.0,-1463656000.0,6653685000.0,0.0,737836000.0,-1368707000.0,3595165000.0,370921000.0,-5320256000.0,-4524515000.0,4951920000.0,-4524515000.0,-4524515000.0,1119126000.0,-6686079000.0,76.0,172279000.0,155677000.0,-33338000.0,26191000.0,-307093000.0,971335000.0,617910000.0,79.0,53.0,52.0,110.0,9870816000.0,-26101000.0,3174320000.0,6579000.0,0.0,26975244000.0,2592244000.0,1819287000.0,12943035000.0,14032209000.0,26975244000.0,8757428000.0,-23406000.0,2015.0,-8.29,545779855.247
559,EQIX,2015-12-31,504055000.0,-44583000.0,-57289000.0,7.0,-906402000.0,4838444000.0,164.0,2708255000.0,0.0,62000.0,1291506000.0,197.0,0.0,0.0,541630000.0,510053000.0,210998000.0,-15127000.0,5606436000.0,1063200000.0,53.0,1434361000.0,23224000.0,224565000.0,299055000.0,0.0,514108000.0,126114000.0,5564542000.0,4584000.0,1553175000.0,1617921000.0,894793000.0,1873182000.0,-1134927000.0,187774000.0,154229000.0,187774000.0,187485000.0,291964000.0,567342000.0,21.0,198630000.0,246186000.0,-509059000.0,0.0,-742633000.0,390413000.0,-70371000.0,8.0,8.0,7.0,197.0,-1576688000.0,859536000.0,825296000.0,956478000.0,12875000.0,10356695000.0,3259280000.0,1656354000.0,2745386000.0,7611309000.0,10356695000.0,2725867000.0,-7373000.0,2015.0,3.25,57776615.3846
563,EQR,2015-12-31,481723000.0,0.0,339563000.0,8.0,-1171337000.0,8572365000.0,,98169000.0,0.0,3648000.0,905168000.0,,54004000.0,0.0,788661000.0,1348383000.0,893513000.0,0.0,20276946000.0,0.0,67.0,1839797000.0,917000.0,0.0,454870000.0,0.0,-11882000.0,6283000.0,10581222000.0,2249236000.0,102120000.0,2196000.0,1356499000.0,-675832000.0,-678471000.0,870120000.0,-305073000.0,863277000.0,907621000.0,0.0,1008820000.0,37.0,422027000.0,0.0,-152016000.0,-49000.0,504748000.0,366387000.0,-41390000.0,33.0,9.0,32.0,,2009091000.0,47630000.0,65082000.0,464858000.0,56946000.0,23157328000.0,0.0,0.0,10470368000.0,12686960000.0,23157328000.0,2744965000.0,0.0,2015.0,2.37,367139240.506
567,EQT,2016-12-31,309978000.0,-165507000.0,-209273000.0,8.0,-2590733000.0,0.0,173.0,1103540000.0,0.0,3440185000.0,613909000.0,227.0,0.0,1760004000.0,927920000.0,-246607000.0,-394527000.0,0.0,13162216000.0,0.0,67.0,1243430000.0,-263464000.0,0.0,147920000.0,0.0,-284882000.0,40548000.0,3289459000.0,259562000.0,187301000.0,-497692000.0,1064320000.0,1399469000.0,-2961481000.0,-452983000.0,441735000.0,-452983000.0,-131063000.0,341628000.0,-37334000.0,2.0,222925000.0,96655000.0,2042000.0,-20766000.0,-85866000.0,499572000.0,-49313000.0,21.0,7.0,24.0,227.0,2509073000.0,1443071000.0,272747000.0,257943000.0,286396000.0,15472922000.0,1828219000.0,804640000.0,5860281000.0,9612641000.0,15472922000.0,1857339000.0,-91019000.0,,,
571,ES,2015-12-31,813646000.0,-39797000.0,34227000.0,8.0,-1724139000.0,6262368000.0,1.0,23947000.0,34112000.0,1669313000.0,4416194000.0,88.0,0.0,5484780000.0,688195000.0,1798391000.0,1425971000.0,0.0,19892441000.0,3519401000.0,44.0,3538633000.0,539967000.0,0.0,372420000.0,336476000.0,82051000.0,-61336000.0,8805574000.0,516478000.0,766178000.0,-14756000.0,1424025000.0,220369000.0,-1659150000.0,878485000.0,-127184000.0,878485000.0,878485000.0,1283486000.0,1764164000.0,22.0,4033203000.0,974877000.0,-66844000.0,-8499000.0,-17062000.0,2792382000.0,44031000.0,18.0,14.0,11.0,76.0,2797355000.0,0.0,1086274000.0,1389836000.0,0.0,30580309000.0,2618786000.0,2989790000.0,10352215000.0,20228094000.0,30580309000.0,7954827000.0,-309977000.0,2015.0,2.77,317142599.278
575,ESS,2015-12-31,231681000.0,0.0,100031000.0,4.0,-830249000.0,7003317000.0,,123055000.0,0.0,6000.0,363508000.0,,0.0,0.0,421673000.0,437319000.0,232492000.0,0.0,10650782000.0,0.0,70.0,830899000.0,0.0,0.0,204827000.0,0.0,-115402000.0,-7746000.0,2256030000.0,1173532000.0,148504000.0,4073000.0,617410000.0,108214000.0,-725556000.0,232120000.0,-45023000.0,226865000.0,248239000.0,19285000.0,331174000.0,28.0,38437000.0,0.0,-42011000.0,-8034000.0,220095000.0,34518000.0,267000.0,19.0,4.0,19.0,,-797329000.0,356056000.0,40090000.0,3100387000.0,0.0,12005091000.0,0.0,0.0,6237733000.0,5767358000.0,12005091000.0,1194407000.0,0.0,2015.0,3.5,66320000.0
579,ETFC,2015-12-31,16658000000.0,641000000.0,-112000000.0,5.0,-70000000.0,7356000000.0,,3290000000.0,0.0,3000000.0,0.0,,1033000000.0,0.0,325000000.0,285000000.0,91000000.0,0.0,236000000.0,1792000000.0,100.0,1403000000.0,-177000000.0,174000000.0,194000000.0,0.0,-29000000.0,-58000000.0,0.0,25602000000.0,-4850000000.0,450000000.0,832000000.0,-384000000.0,2000000.0,268000000.0,180000000.0,268000000.0,163000000.0,12531000000.0,196000000.0,14.0,769000000.0,0.0,-99000000.0,4547000000.0,28000000.0,575000000.0,-524000000.0,6.0,2.0,19.0,,-1461000000.0,-81000000.0,1048000000.0,491000000.0,0.0,45427000000.0,0.0,0.0,5799000000.0,39628000000.0,45427000000.0,1403000000.0,0.0,2015.0,0.92,291304347.826
583,ETN,2015-12-31,2124000000.0,5000000.0,35000000.0,13.0,-506000000.0,11701000000.0,10.0,268000000.0,-20000000.0,5000000.0,14292000000.0,143.0,362000000.0,390000000.0,925000000.0,2377000000.0,2145000000.0,-42000000.0,3565000000.0,13479000000.0,31.0,6563000000.0,164000000.0,6014000000.0,232000000.0,2323000000.0,37000000.0,-233000000.0,7781000000.0,0.0,-602000000.0,-513000000.0,2371000000.0,-2267000000.0,-575000000.0,1979000000.0,-139000000.0,1979000000.0,1979000000.0,3479000000.0,2342000000.0,11.0,995000000.0,369000000.0,-3866000000.0,-10000000.0,-106000000.0,3004000000.0,-148000000.0,10.0,14.0,9.0,93.0,7346000000.0,-630000000.0,3596000000.0,668000000.0,177000000.0,31031000000.0,6616000000.0,4625000000.0,15186000000.0,15800000000.0,30986000000.0,20855000000.0,0.0,2015.0,4.25,465647058.824
587,ETR,2015-12-31,1538953000.0,26707000.0,323637000.0,2.0,-2500860000.0,5403758000.0,44.0,1350961000.0,-12376000.0,2548000.0,7449273000.0,132.0,293805000.0,8541165000.0,2117236000.0,-129565000.0,-799661000.0,0.0,28044360000.0,377172000.0,35.0,4063978000.0,-642927000.0,0.0,670096000.0,1091167000.0,-58211000.0,-520388000.0,13138557000.0,5822998000.0,-63376000.0,-71065000.0,3291184000.0,-753467000.0,-2608782000.0,-156734000.0,1130519000.0,-176562000.0,-156734000.0,1068900000.0,-299165000.0,3.0,6041934000.0,556384000.0,8951000.0,-9136000.0,-74110000.0,10303025000.0,706220000.0,7.0,9.0,1.0,96.0,9393913000.0,-62300000.0,1074998000.0,711431000.0,0.0,44647681000.0,4067412000.0,3089958000.0,9256791000.0,35390890000.0,44647681000.0,11513251000.0,-5552379000.0,2015.0,-0.99,158317171.717
591,EW,2015-12-31,476200000.0,-38300000.0,3900000.0,20.0,-102700000.0,946800000.0,257.0,718400000.0,-67700000.0,239100000.0,617200000.0,430.0,180500000.0,0.0,65800000.0,639600000.0,622400000.0,-10400000.0,482500000.0,628300000.0,75.0,1876500000.0,127500000.0,205400000.0,17200000.0,339900000.0,119600000.0,163900000.0,599900000.0,383500000.0,1900000.0,64600000.0,549700000.0,-158600000.0,-316100000.0,494900000.0,-75400000.0,494900000.0,494900000.0,344100000.0,635700000.0,25.0,131200000.0,139200000.0,-182600000.0,-8900000.0,-333000000.0,480100000.0,6500000.0,25.0,25.0,20.0,359.0,3336800000.0,-192900000.0,850700000.0,0.0,506300000.0,4059300000.0,2047900000.0,476200000.0,2503100000.0,1556200000.0,4059300000.0,2493700000.0,-1837000000.0,2015.0,2.3,215173913.04299998
595,EXC,2016-12-31,6909000000.0,-498000000.0,365000000.0,4.0,-8553000000.0,0.0,7.0,888000000.0,7000000.0,18794000000.0,22688000000.0,92.0,113000000.0,18530000000.0,5576000000.0,3525000000.0,1989000000.0,0.0,71555000000.0,6677000000.0,28.0,8672000000.0,761000000.0,0.0,1536000000.0,1638000000.0,-6444000000.0,374000000.0,32216000000.0,12182000000.0,2205000000.0,-5867000000.0,8445000000.0,1191000000.0,-15503000000.0,1134000000.0,2146000000.0,1134000000.0,1134000000.0,5359000000.0,3112000000.0,10.0,11965000000.0,4527000000.0,-2660000000.0,-85000000.0,-134000000.0,23089000000.0,-364000000.0,6.0,8.0,4.0,80.0,12030000000.0,-135000000.0,1576000000.0,3979000000.0,0.0,114904000000.0,12412000000.0,13457000000.0,25837000000.0,89067000000.0,114904000000.0,31360000000.0,-2327000000.0,,,
599,EXPD,2015-12-31,861373000.0,62619000.0,15205000.0,27.0,-44383000.0,31000.0,94.0,807796000.0,0.0,1821000.0,4428855000.0,231.0,0.0,26389000.0,46012000.0,736689000.0,736689000.0,-41625000.0,524724000.0,7927000.0,33.0,2187777000.0,277192000.0,0.0,0.0,0.0,40294000.0,-65782000.0,0.0,0.0,0.0,-119311000.0,564712000.0,-634972000.0,-7426000.0,457223000.0,61713000.0,457223000.0,457223000.0,1129121000.0,721484000.0,11.0,56417000.0,56413000.0,-81238000.0,0.0,-3337000.0,0.0,653000.0,11.0,44.0,7.0,231.0,1771379000.0,-499027000.0,1420281000.0,0.0,40000.0,2582438000.0,1993370000.0,861373000.0,1691993000.0,890445000.0,2582438000.0,6616632000.0,0.0,2015.0,2.42,188935123.967
603,EXPE,2016-12-31,3226890000.0,-276154000.0,-11954000.0,7.0,-749348000.0,8794298000.0,31.0,1815544000.0,0.0,23000.0,1596698000.0,56.0,23658000.0,484970000.0,1036619000.0,449748000.0,276600000.0,-34882000.0,1394904000.0,7942023000.0,82.0,7176866000.0,15315000.0,2446652000.0,173148000.0,0.0,-37506000.0,213681000.0,3159336000.0,520058000.0,-403517000.0,120512000.0,1564334000.0,-690619000.0,-718321000.0,281848000.0,97699000.0,281848000.0,281848000.0,1362649000.0,461702000.0,5.0,0.0,199745000.0,-280399000.0,177760000.0,68533000.0,312939000.0,231204000.0,3.0,7.0,3.0,56.0,129034000.0,-314703000.0,6280728000.0,0.0,72313000.0,15777546000.0,3450251000.0,6127198000.0,4132301000.0,11645245000.0,15777546000.0,8773564000.0,-4510655000.0,,,
607,EXR,2015-12-31,199884000.0,-1436000.0,9812000.0,19.0,-384208000.0,2431754000.0,,106537000.0,0.0,1241000.0,203965000.0,,0.0,0.0,141236000.0,304468000.0,205476000.0,0.0,5689309000.0,0.0,74.0,578305000.0,11148000.0,0.0,98992000.0,0.0,-1242256000.0,12036000.0,3382430000.0,103007000.0,1131857000.0,28136000.0,367329000.0,1286471000.0,-1625664000.0,394950000.0,7129000.0,189474000.0,394950000.0,2205000.0,294656000.0,38.0,170349000.0,0.0,-6352000.0,0.0,800000.0,80489000.0,-1172000.0,26.0,10.0,50.0,,-337566000.0,448419000.0,80791000.0,36000000.0,0.0,6071407000.0,0.0,0.0,2089077000.0,3982330000.0,6071407000.0,782270000.0,0.0,2015.0,1.58,249968354.43
611,F,2016-12-31,21296000000.0,-2855000000.0,1794000000.0,16.0,-6992000000.0,21630000000.0,43.0,15905000000.0,-815000000.0,41000000.0,135488000000.0,120.0,9705000000.0,691000000.0,8717000000.0,7690000000.0,6796000000.0,-265000000.0,60901000000.0,0.0,11.0,16312000000.0,2189000000.0,0.0,894000000.0,8898000000.0,37585000000.0,6595000000.0,93301000000.0,53228000000.0,11028000000.0,1633000000.0,19792000000.0,7458000000.0,-25352000000.0,4596000000.0,3544000000.0,4596000000.0,6376000000.0,57368000000.0,4116000000.0,3.0,5656000000.0,3368000000.0,-7013000000.0,-49000000.0,-55945000000.0,24395000000.0,-1000000.0,4.0,23.0,3.0,110.0,15634000000.0,-145000000.0,12196000000.0,49669000000.0,22922000000.0,237951000000.0,108461000000.0,90281000000.0,29170000000.0,208781000000.0,237951000000.0,151800000000.0,-1122000000.0,,,
615,FAST,2016-12-31,265162000.0,-40490000.0,926000.0,26.0,-189451000.0,37363000.0,41.0,112735000.0,-80853000.0,2892000.0,1997259000.0,624.0,0.0,80628000.0,104052000.0,796233000.0,789729000.0,-1318000.0,899697000.0,0.0,50.0,1964777000.0,290251000.0,0.0,6504000.0,992989000.0,0.0,-30419000.0,379518000.0,0.0,30000000.0,-16284000.0,513999000.0,-340872000.0,-188093000.0,499478000.0,31805000.0,499478000.0,499478000.0,499716000.0,795839000.0,20.0,48417000.0,115330000.0,-47304000.0,0.0,1358000.0,0.0,30426000.0,20.0,41.0,13.0,264.0,1940143000.0,-30168000.0,1169470000.0,10482000.0,0.0,2668884000.0,1720770000.0,275644000.0,1933094000.0,735790000.0,2668884000.0,3962036000.0,0.0,,,
619,FB,2016-12-31,2505000000.0,-1489000000.0,0.0,17.0,-4491000000.0,38227000000.0,1024.0,8903000000.0,0.0,0.0,3789000000.0,1197.0,0.0,0.0,2342000000.0,12518000000.0,12518000000.0,-63000000.0,8591000000.0,18122000000.0,86.0,23849000000.0,2301000000.0,2535000000.0,0.0,0.0,-7186000000.0,2392000000.0,0.0,0.0,-312000000.0,3996000000.0,16108000000.0,-310000000.0,-11739000000.0,10188000000.0,2791000000.0,10188000000.0,10188000000.0,3993000000.0,12427000000.0,45.0,1312000000.0,959000000.0,-703000000.0,2000000.0,-62000000.0,2892000000.0,-145000000.0,45.0,21.0,37.0,1197.0,21670000000.0,0.0,5503000000.0,280000000.0,20546000000.0,64961000000.0,34401000000.0,2875000000.0,59194000000.0,5767000000.0,64961000000.0,27638000000.0,0.0,,,
623,FBHS,2015-12-31,344200000.0,-6900000.0,-4300000.0,13.0,-128500000.0,2602200000.0,31.0,238500000.0,-69800000.0,1700000.0,2997500000.0,187.0,0.0,201700000.0,115700000.0,491800000.0,459900000.0,-14800000.0,627900000.0,1755300000.0,35.0,1581900000.0,153400000.0,996700000.0,31900000.0,555600000.0,0.0,41200000.0,1171600000.0,0.0,499700000.0,46600000.0,411100000.0,416900000.0,-766600000.0,315000000.0,39800000.0,315000000.0,306500000.0,502600000.0,496100000.0,11.0,80000000.0,122000000.0,-52500000.0,-1200000.0,-638100000.0,293600000.0,-24400000.0,10.0,19.0,7.0,114.0,501600000.0,-22800000.0,1047600000.0,800000.0,0.0,4878600000.0,1418700000.0,757900000.0,2450900000.0,2427700000.0,4878600000.0,4579400000.0,-602100000.0,2015.0,1.97,159898477.157
627,FCX,2015-12-31,3386000000.0,813000000.0,45000000.0,155.0,-6353000000.0,24283000000.0,5.0,224000000.0,379000000.0,137000000.0,28524000000.0,173.0,0.0,4288000000.0,3706000000.0,-13337000000.0,-13982000000.0,0.0,36873000000.0,0.0,80.0,-12647000000.0,-1935000000.0,0.0,645000000.0,4788000000.0,0.0,-916000000.0,19779000000.0,0.0,1595000000.0,-240000000.0,3220000000.0,2786000000.0,-6246000000.0,-12156000000.0,11230000000.0,-12236000000.0,-12156000000.0,2277000000.0,-13382000000.0,84.0,2242000000.0,173000000.0,-503000000.0,0.0,107000000.0,5395000000.0,97000000.0,88.0,179.0,77.0,62.0,-12387000000.0,1936000000.0,569000000.0,649000000.0,0.0,46577000000.0,7462000000.0,4307000000.0,7828000000.0,38749000000.0,46577000000.0,15877000000.0,-3702000000.0,2015.0,-11.31,1074801061.01
631,FDX,2016-05-31,7979000000.0,-199000000.0,-1000000.0,13.0,-4818000000.0,2892000000.0,44.0,3534000000.0,0.0,32000000.0,17327000000.0,150.0,0.0,2122000000.0,2631000000.0,3076000000.0,2740000000.0,-102000000.0,24284000000.0,6747000000.0,66.0,33038000000.0,920000000.0,0.0,336000000.0,496000000.0,0.0,121000000.0,13838000000.0,0.0,6478000000.0,-229000000.0,5708000000.0,3611000000.0,-9446000000.0,1820000000.0,1794000000.0,1820000000.0,1820000000.0,7252000000.0,3077000000.0,6.0,3044000000.0,707000000.0,-169000000.0,-54000000.0,-4628000000.0,8312000000.0,-459000000.0,5.0,20.0,4.0,144.0,18371000000.0,-2539000000.0,27330000000.0,29000000.0,0.0,46064000000.0,11989000000.0,8008000000.0,13784000000.0,32280000000.0,46064000000.0,50365000000.0,-7342000000.0,2016.0,6.59,276176024.27900004
635,FE,2015-12-31,1928000000.0,184000000.0,-22000000.0,5.0,-2704000000.0,9952000000.0,2.0,131000000.0,-15000000.0,42000000.0,6173000000.0,54.0,1379000000.0,7564000000.0,1836000000.0,1908000000.0,893000000.0,0.0,37214000000.0,6418000000.0,59.0,8853000000.0,315000000.0,0.0,1015000000.0,785000000.0,-107000000.0,-140000000.0,19389000000.0,2788000000.0,341000000.0,46000000.0,3447000000.0,-279000000.0,-3122000000.0,578000000.0,640000000.0,578000000.0,578000000.0,1595000000.0,2292000000.0,15.0,1348000000.0,529000000.0,171000000.0,-13000000.0,-311000000.0,7210000000.0,364000000.0,6.0,7.0,4.0,40.0,2256000000.0,0.0,4969000000.0,2980000000.0,0.0,52187000000.0,3040000000.0,5602000000.0,12421000000.0,39766000000.0,52187000000.0,15026000000.0,0.0,2015.0,1.37,421897810.21900004
639,FFIV,2016-09-30,212470000.0,9732000.0,2514000.0,31.0,-63488000.0,0.0,105.0,514571000.0,-334000.0,13191000.0,337205000.0,153.0,2044000.0,242685000.0,56776000.0,549891000.0,549891000.0,2503000.0,123248000.0,555965000.0,83.0,1657829000.0,184036000.0,0.0,0.0,34051000.0,130961000.0,120148000.0,0.0,276375000.0,0.0,121608000.0,711535000.0,-652647000.0,62720000.0,365855000.0,161946000.0,365855000.0,365855000.0,319776000.0,547377000.0,27.0,59890000.0,52579000.0,-13194000.0,0.0,-4753000.0,34138000.0,-2588000.0,28.0,46.0,18.0,149.0,1185265000.0,-655255000.0,767174000.0,0.0,367824000.0,2306323000.0,1288801000.0,844238000.0,1185262000.0,1121061000.0,2306323000.0,1995034000.0,0.0,2016.0,5.43,67376611.418
643,FIS,2015-12-31,1195600000.0,-102800000.0,136800000.0,7.0,-133300000.0,10209700000.0,29.0,687600000.0,0.0,4300000.0,4393200000.0,149.0,253000000.0,2688800000.0,680300000.0,1236000000.0,1036900000.0,-58800000.0,610700000.0,14744700000.0,33.0,2202000000.0,378800000.0,6742800000.0,199100000.0,0.0,0.0,91100000.0,11497800000.0,0.0,1655800000.0,194800000.0,1136900000.0,1014700000.0,-1898000000.0,650800000.0,-28300000.0,631500000.0,658100000.0,2190000000.0,1099200000.0,17.0,406200000.0,633800000.0,-279400000.0,-40900000.0,-1764700000.0,311500000.0,-154200000.0,16.0,11.0,10.0,149.0,3072900000.0,-263300000.0,1102800000.0,553000000.0,0.0,26268800000.0,3511400000.0,2363900000.0,9321000000.0,16947800000.0,26268800000.0,6595200000.0,-3686500000.0,2015.0,2.22,293153153.153
647,FISV,2015-12-31,1024000000.0,-2000000.0,-85000000.0,27.0,-359000000.0,952000000.0,18.0,275000000.0,0.0,4000000.0,2909000000.0,100.0,0.0,726000000.0,417000000.0,1226000000.0,1057000000.0,0.0,396000000.0,5200000000.0,45.0,2345000000.0,377000000.0,1872000000.0,169000000.0,0.0,1000000.0,144000000.0,4288000000.0,0.0,414000000.0,-19000000.0,1346000000.0,-1005000000.0,-360000000.0,712000000.0,136000000.0,712000000.0,712000000.0,802000000.0,1311000000.0,25.0,366000000.0,429000000.0,-74000000.0,-6000000.0,-2000000.0,164000000.0,-61000000.0,20.0,40.0,14.0,100.0,8064000000.0,-1451000000.0,1034000000.0,5000000.0,0.0,9340000000.0,1506000000.0,1502000000.0,2660000000.0,6680000000.0,9340000000.0,5254000000.0,-6286000000.0,2015.0,3.04,234210526.31599998
651,FL,2016-01-30,699000000.0,0.0,4000000.0,21.0,-228000000.0,0.0,146.0,1021000000.0,-49000000.0,0.0,4907000000.0,372.0,234000000.0,0.0,148000000.0,841000000.0,837000000.0,-5000000.0,661000000.0,156000000.0,34.0,2505000000.0,296000000.0,45000000.0,4000000.0,1285000000.0,0.0,-17000000.0,129000000.0,0.0,-2000000.0,54000000.0,745000000.0,-456000000.0,-230000000.0,541000000.0,-18000000.0,541000000.0,541000000.0,0.0,837000000.0,11.0,73000000.0,300000000.0,0.0,0.0,-2000000.0,393000000.0,140000000.0,11.0,33.0,7.0,189.0,0.0,-350000000.0,1415000000.0,1000000.0,0.0,3775000000.0,2606000000.0,700000000.0,2553000000.0,1222000000.0,3775000000.0,7412000000.0,0.0,2015.0,3.89,139074550.129
655,FLIR,2015-12-31,282731000.0,28258000.0,13768000.0,15.0,-68234000.0,0.0,81.0,472785000.0,-74816000.0,1374000.0,803506000.0,220.0,55429000.0,3623000.0,49534000.0,319532000.0,305446000.0,-33020000.0,272629000.0,596316000.0,48.0,753561000.0,63760000.0,141302000.0,14086000.0,393092000.0,0.0,16460000.0,93750000.0,0.0,-15000000.0,-58589000.0,275814000.0,-166538000.0,-134845000.0,241686000.0,17167000.0,241686000.0,241686000.0,326098000.0,305764000.0,20.0,53210000.0,95539000.0,-125126000.0,-24000.0,-66611000.0,74167000.0,-2475000.0,20.0,19.0,16.0,153.0,1773267000.0,-98358000.0,313544000.0,264694000.0,0.0,2406400000.0,1287514000.0,585345000.0,1649515000.0,756885000.0,2406400000.0,1557067000.0,0.0,2015.0,1.73,139702890.17299998
659,FLR,2016-12-31,3733786000.0,0.0,17046000.0,9.0,-235904000.0,38317000.0,51.0,1850436000.0,0.0,1393000.0,18246209000.0,147.0,802596000.0,0.0,265999000.0,616289000.0,546600000.0,-53668000.0,1017223000.0,532239000.0,4.0,790316000.0,219151000.0,0.0,69689000.0,1537289000.0,-356112000.0,0.0,1517949000.0,883938000.0,184419000.0,-99450000.0,705919000.0,-10350000.0,-741351000.0,281401000.0,-22922000.0,281401000.0,327449000.0,1700224000.0,599243000.0,3.0,370151000.0,411284000.0,-496669000.0,-18369000.0,-149335000.0,639608000.0,135393000.0,3.0,17.0,1.0,107.0,3582150000.0,3012000.0,191073000.0,82243000.0,111037000.0,9216417000.0,5610270000.0,3816029000.0,3125191000.0,6091226000.0,9216417000.0,19036525000.0,0.0,,,
663,FLS,2016-12-31,1092776000.0,37695000.0,6105000.0,9.0,-89699000.0,491848000.0,31.0,367162000.0,30877000.0,220991000.0,2759908000.0,198.0,87178000.0,0.0,116752000.0,283560000.0,223423000.0,-4568000.0,723628000.0,1205054000.0,31.0,1231554000.0,75286000.0,214527000.0,60137000.0,919251000.0,0.0,-151127000.0,1485258000.0,0.0,-36956000.0,718000.0,227594000.0,-130839000.0,-91469000.0,145060000.0,109802000.0,145060000.0,156283000.0,894749000.0,277455000.0,7.0,181014000.0,150199000.0,-618241000.0,1386000.0,-1770000.0,410168000.0,-64542000.0,6.0,14.0,4.0,120.0,3632163000.0,0.0,965322000.0,85365000.0,0.0,4742762000.0,2331361000.0,1178141000.0,1648234000.0,3094528000.0,4742762000.0,3991462000.0,-2078527000.0,,,
667,FMC,2015-12-31,1273500000.0,140900000.0,1300000.0,26.0,-108500000.0,417700000.0,5.0,78600000.0,78300000.0,18600000.0,2201100000.0,204.0,286900000.0,173200000.0,115700000.0,-49100000.0,-130500000.0,-5300000.0,1016400000.0,776100000.0,33.0,1075400000.0,47400000.0,837000000.0,81400000.0,800200000.0,66400000.0,-585500000.0,2036300000.0,2500000.0,66100000.0,-30900000.0,-277100000.0,-16700000.0,-1285500000.0,489000000.0,-381300000.0,489000000.0,-177900000.0,1851400000.0,-50200000.0,2.0,435100000.0,241700000.0,-457300000.0,0.0,-1243400000.0,754800000.0,1410000000.0,4.0,7.0,15.0,149.0,3385000000.0,2200000.0,737900000.0,112600000.0,0.0,6325900000.0,2971900000.0,1453300000.0,1865700000.0,4460200000.0,6325900000.0,3276500000.0,-1498300000.0,2015.0,3.66,133606557.377
671,FRT,2016-12-31,273196000.0,1868000.0,32832000.0,13.0,-580238000.0,2718325000.0,,23368000.0,0.0,722000.0,253612000.0,,0.0,0.0,193585000.0,321369000.0,226375000.0,0.0,4995983000.0,0.0,68.0,547979000.0,0.0,0.0,94994000.0,0.0,8316000.0,4759000.0,2798452000.0,14864000.0,135320000.0,2322000.0,419254000.0,173289000.0,-590221000.0,249910000.0,-32597000.0,249369000.0,249910000.0,146653000.0,320995000.0,40.0,208555000.0,0.0,-2577000.0,0.0,-18299000.0,115817000.0,-7244000.0,28.0,11.0,31.0,,-749734000.0,316085000.0,33399000.0,16285000.0,0.0,5423279000.0,0.0,0.0,1976733000.0,3446546000.0,5423279000.0,801591000.0,0.0,,,
675,FSLR,2015-12-31,836392000.0,-340292000.0,10146000.0,10.0,-166438000.0,2742795000.0,190.0,1126826000.0,113537000.0,102000.0,2659728000.0,348.0,357693000.0,0.0,257825000.0,526810000.0,519835000.0,-19272000.0,1391895000.0,84985000.0,26.0,919267000.0,-6156000.0,110002000.0,6975000.0,380424000.0,11088000.0,-34060000.0,251325000.0,417692000.0,139965000.0,-355228000.0,-360919000.0,137103000.0,-112140000.0,546421000.0,298000.0,546421000.0,546421000.0,561076000.0,516664000.0,14.0,1608478000.0,573806000.0,15480000.0,-20569000.0,43210000.0,555719000.0,-904648000.0,15.0,9.0,15.0,309.0,2790110000.0,0.0,255192000.0,38090000.0,703454000.0,7316331000.0,3345586000.0,960800000.0,5548487000.0,1767844000.0,7316331000.0,3578995000.0,0.0,2015.0,5.42,100815682.657
679,FTR,2015-12-31,1150000000.0,62000000.0,7000000.0,3.0,-863000000.0,6034000000.0,496.0,9380000000.0,0.0,298000000.0,0.0,535.0,0.0,2666000000.0,1511000000.0,752000000.0,-361000000.0,0.0,8493000000.0,7166000000.0,100.0,5576000000.0,-165000000.0,1143000000.0,1113000000.0,0.0,-8444000000.0,102000000.0,15508000000.0,0.0,6305000000.0,254000000.0,1301000000.0,8275000000.0,-9322000000.0,-196000000.0,-130000000.0,-316000000.0,-196000000.0,651000000.0,745000000.0,13.0,151000000.0,100000000.0,-353000000.0,0.0,-15000000.0,1403000000.0,-48000000.0,6.0,6.0,4.0,535.0,-87000000.0,2665000000.0,3275000000.0,384000000.0,0.0,27084000000.0,10131000000.0,1893000000.0,5614000000.0,21470000000.0,27084000000.0,5576000000.0,-278000000.0,2015.0,-0.29,675862068.966
683,GD,2016-12-31,7477000000.0,-161000000.0,13000000.0,27.0,-392000000.0,2819000000.0,18.0,2334000000.0,-154000000.0,482000000.0,25104000000.0,120.0,0.0,0.0,454000000.0,4231000000.0,4231000000.0,0.0,3467000000.0,11445000000.0,20.0,6249000000.0,1169000000.0,678000000.0,0.0,3523000000.0,0.0,-288000000.0,2988000000.0,0.0,492000000.0,-451000000.0,2198000000.0,-2169000000.0,-426000000.0,2955000000.0,583000000.0,2955000000.0,3062000000.0,8893000000.0,4309000000.0,14.0,1835000000.0,697000000.0,-3396000000.0,-46000000.0,-34000000.0,6062000000.0,-1245000000.0,13.0,39.0,9.0,93.0,25227000000.0,-1704000000.0,1940000000.0,900000000.0,0.0,32872000000.0,15447000000.0,12846000000.0,10976000000.0,21896000000.0,32872000000.0,31353000000.0,-14156000000.0,,,
687,GGP,2015-12-31,995051000.0,-30116000.0,638637000.0,17.0,-1078891000.0,11362369000.0,,356895000.0,0.0,9386000.0,747276000.0,,214578000.0,1289000.0,702764000.0,1562530000.0,954855000.0,0.0,17832919000.0,0.0,69.0,1656630000.0,-38334000.0,0.0,607675000.0,0.0,-389629000.0,-4858000.0,14422360000.0,3506040000.0,-1279000.0,-15576000.0,1064888000.0,-767709000.0,-312755000.0,1374561000.0,-958772000.0,1358624000.0,1393596000.0,949556000.0,923893000.0,38.0,997334000.0,0.0,-72804000.0,24973000.0,1155765000.0,58934000.0,-37726000.0,40.0,12.0,57.0,,-2141549000.0,-108912000.0,72363000.0,0.0,0.0,24073555000.0,0.0,0.0,8270043000.0,15803512000.0,24073555000.0,2403906000.0,-1129401000.0,,,
691,GILD,2015-12-31,8468000000.0,-1397000000.0,154000000.0,98.0,-747000000.0,444000000.0,148.0,12851000000.0,-855000000.0,1000000.0,4006000000.0,250.0,324000000.0,0.0,1098000000.0,22347000000.0,21659000000.0,-67000000.0,2276000000.0,1172000000.0,88.0,28633000000.0,3553000000.0,10247000000.0,688000000.0,1955000000.0,-11728000000.0,3501000000.0,21195000000.0,11601000000.0,9689000000.0,2824000000.0,20329000000.0,-4963000000.0,-12475000000.0,18108000000.0,-34000000.0,18108000000.0,18108000000.0,6682000000.0,22193000000.0,68.0,1456000000.0,1519000000.0,88000000.0,-3868000000.0,0.0,1638000000.0,-90000000.0,66.0,117.0,55.0,231.0,18001000000.0,-9495000000.0,3426000000.0,983000000.0,1756000000.0,51839000000.0,24763000000.0,9891000000.0,18534000000.0,33305000000.0,51839000000.0,32639000000.0,0.0,2015.0,12.37,1463864187.55
695,GIS,2016-05-29,2046500000.0,6900000.0,148200000.0,34.0,-729300000.0,1177000000.0,15.0,763700000.0,146100000.0,75500000.0,10733600000.0,79.0,0.0,1399600000.0,608100000.0,2551800000.0,2551800000.0,-8100000.0,3743600000.0,8741200000.0,35.0,5829500000.0,755200000.0,4538600000.0,0.0,1413700000.0,85000000.0,411300000.0,7057700000.0,0.0,-457900000.0,429500000.0,2629800000.0,-2285600000.0,93400000.0,1697400000.0,132300000.0,1697400000.0,1845600000.0,1360800000.0,2707400000.0,16.0,751700000.0,399000000.0,-2612200000.0,-7200000.0,737700000.0,2087600000.0,152700000.0,15.0,52.0,10.0,50.0,12616500000.0,-434800000.0,3118900000.0,1373200000.0,0.0,21712300000.0,3937200000.0,5014700000.0,4930200000.0,16782100000.0,21712300000.0,16563100000.0,-6326600000.0,2016.0,2.83,599787985.8659999
699,GLW,2016-12-31,2495000000.0,-106000000.0,-500000000.0,21.0,-1130000000.0,13695000000.0,192.0,5291000000.0,-68000000.0,846000000.0,5644000000.0,329.0,2325000000.0,0.0,1195000000.0,3851000000.0,3692000000.0,-86000000.0,12546000000.0,1577000000.0,40.0,3746000000.0,-3000000.0,796000000.0,159000000.0,1471000000.0,4872000000.0,243000000.0,3646000000.0,336000000.0,-572000000.0,791000000.0,2521000000.0,-5306000000.0,3662000000.0,3695000000.0,-2577000000.0,3695000000.0,6655000000.0,1481000000.0,1391000000.0,15.0,1271000000.0,805000000.0,-1676000000.0,0.0,-80000000.0,3542000000.0,139000000.0,39.0,21.0,39.0,275.0,16880000000.0,-4089000000.0,1472000000.0,256000000.0,0.0,27899000000.0,9048000000.0,2751000000.0,17893000000.0,10006000000.0,27899000000.0,9390000000.0,-14152000000.0,,,
703,GM,2016-12-31,56153000000.0,0.0,429000000.0,22.0,-9542000000.0,26983000000.0,29.0,12960000000.0,0.0,15000000.0,145125000000.0,89.0,35092000000.0,0.0,10408000000.0,12256000000.0,11684000000.0,-213000000.0,70346000000.0,0.0,13.0,21255000000.0,2416000000.0,6259000000.0,572000000.0,13788000000.0,-25465000000.0,0.0,55600000000.0,29720000000.0,22124000000.0,-2172000000.0,16545000000.0,17139000000.0,-35643000000.0,9427000000.0,-1789000000.0,9427000000.0,11709000000.0,31703000000.0,9545000000.0,6.0,4070000000.0,5911000000.0,-9330000000.0,-117000000.0,-636000000.0,36834000000.0,-1342000000.0,7.0,27.0,6.0,73.0,26168000000.0,-2500000000.0,11710000000.0,29028000000.0,11841000000.0,221690000000.0,76203000000.0,85181000000.0,43836000000.0,177854000000.0,221690000000.0,166380000000.0,0.0,,,
707,GPC,2015-12-31,3062386000.0,1974000.0,20929000.0,22.0,-109544000.0,41353000.0,5.0,211631000.0,-21821000.0,150081000.0,10724192000.0,141.0,118525000.0,50684000.0,141675000.0,1145343000.0,1123681000.0,-15771000.0,648217000.0,840582000.0,30.0,4555852000.0,418009000.0,521213000.0,21662000.0,2999966000.0,0.0,331419000.0,250000000.0,0.0,-142967000.0,73901000.0,1159373000.0,-806074000.0,-263627000.0,705672000.0,43048000.0,705672000.0,705672000.0,1822419000.0,1124414000.0,7.0,460918000.0,521300000.0,-930618000.0,0.0,-154083000.0,744191000.0,-42594000.0,7.0,36.0,5.0,65.0,3885751000.0,-301847000.0,3277390000.0,375000000.0,0.0,8144771000.0,5555316000.0,3940654000.0,3146567000.0,4998204000.0,8144771000.0,15280044000.0,0.0,2015.0,4.65,151757419.355
711,GPN,2016-05-31,696414000.0,-43620000.0,5284000.0,10.0,-91591000.0,1976715000.0,43.0,1044728000.0,0.0,0.0,1147639000.0,117.0,22719000.0,744862000.0,187881000.0,430228000.0,360912000.0,-29251000.0,493678000.0,4829405000.0,60.0,1750511000.0,70695000.0,2264708000.0,69316000.0,0.0,0.0,-81506000.0,4379744000.0,0.0,2180613000.0,393989000.0,585001000.0,1965487000.0,-2127248000.0,271666000.0,49106000.0,271666000.0,271666000.0,288411000.0,424944000.0,15.0,48129000.0,1518174000.0,-246050000.0,0.0,-2035657000.0,77235000.0,182923000.0,12.0,13.0,9.0,117.0,1015811000.0,-130886000.0,1325567000.0,513978000.0,0.0,10509952000.0,2851313000.0,2430707000.0,2746476000.0,7763476000.0,10509952000.0,2898150000.0,0.0,2016.0,2.05,132520000.0
715,GPS,2016-01-30,2114000000.0,0.0,6000000.0,36.0,-726000000.0,0.0,54.0,1370000000.0,-6000000.0,20000000.0,10077000000.0,157.0,0.0,0.0,527000000.0,1530000000.0,1471000000.0,-19000000.0,2850000000.0,0.0,36.0,5720000000.0,551000000.0,0.0,59000000.0,1873000000.0,0.0,-83000000.0,1310000000.0,0.0,379000000.0,-145000000.0,1594000000.0,-990000000.0,-730000000.0,920000000.0,103000000.0,920000000.0,920000000.0,0.0,1524000000.0,10.0,638000000.0,742000000.0,85000000.0,-70000000.0,-4000000.0,1083000000.0,133000000.0,9.0,58.0,6.0,83.0,2440000000.0,-950000000.0,0.0,421000000.0,0.0,7473000000.0,3985000000.0,2535000000.0,2545000000.0,4928000000.0,7473000000.0,15797000000.0,0.0,2015.0,2.24,410714285.714
719,GRMN,2015-12-26,701016000.0,22473000.0,17606000.0,14.0,-80592000.0,62239000.0,121.0,833070000.0,-121718000.0,1797435000.0,1281566000.0,255.0,155287000.0,184941000.0,78360000.0,567187000.0,567187000.0,-31594000.0,446089000.0,0.0,55.0,1538704000.0,110960000.0,245552000.0,0.0,500554000.0,3220000.0,-158273000.0,0.0,1343387000.0,0.0,-363198000.0,280467000.0,-500092000.0,-111979000.0,456227000.0,90601000.0,456227000.0,456227000.0,531481000.0,549581000.0,19.0,97989000.0,130821000.0,-30428000.0,0.0,-34607000.0,103326000.0,-87203000.0,20.0,17.0,16.0,198.0,1930517000.0,-119926000.0,562080000.0,0.0,215161000.0,4499391000.0,2211087000.0,865998000.0,3345126000.0,1154265000.0,4499391000.0,2820270000.0,-414637000.0,2015.0,2.39,190889958.159
723,GT,2016-12-31,3173000000.0,211000000.0,10000000.0,28.0,-996000000.0,2645000000.0,24.0,1132000000.0,-172000000.0,252000000.0,10972000000.0,119.0,2414000000.0,85000000.0,756000000.0,1579000000.0,1207000000.0,-15000000.0,7040000000.0,535000000.0,28.0,4186000000.0,-77000000.0,136000000.0,372000000.0,2627000000.0,-12000000.0,-262000000.0,4798000000.0,0.0,-256000000.0,-344000000.0,1504000000.0,-860000000.0,-973000000.0,1264000000.0,-208000000.0,1264000000.0,1264000000.0,1769000000.0,1569000000.0,10.0,668000000.0,190000000.0,-4198000000.0,0.0,35000000.0,2086000000.0,-105000000.0,8.0,27.0,8.0,64.0,5808000000.0,-487000000.0,2617000000.0,681000000.0,0.0,16511000000.0,5718000000.0,4817000000.0,4507000000.0,12004000000.0,16511000000.0,15158000000.0,0.0,,,
727,GWW,2015-12-31,1188116000.0,-3085000.0,-4304000.0,34.0,-373868000.0,1000476000.0,16.0,290136000.0,-37737000.0,54830000.0,5741956000.0,170.0,83996000.0,154352000.0,227967000.0,1284276000.0,1250705000.0,-20503000.0,1431241000.0,582336000.0,42.0,4231428000.0,465531000.0,463294000.0,33571000.0,1414177000.0,-20382000.0,-67954000.0,1388414000.0,0.0,1555556000.0,63492000.0,989904000.0,-62551000.0,-843358000.0,768996000.0,75623000.0,768996000.0,757256000.0,1209641000.0,1300320000.0,13.0,248246000.0,134688000.0,-221091000.0,0.0,-449108000.0,173741000.0,9916000.0,13.0,55.0,8.0,91.0,6802130000.0,-1339186000.0,2931108000.0,600418000.0,0.0,5857755000.0,3048642000.0,1788534000.0,2266634000.0,3591121000.0,5857755000.0,9973384000.0,-5369711000.0,2015.0,11.69,65782378.1009
731,HAL,2016-12-31,2526000000.0,899000000.0,-208000000.0,61.0,-798000000.0,201000000.0,100.0,4009000000.0,552000000.0,2674000000.0,15023000000.0,290.0,1960000000.0,0.0,1503000000.0,-7625000000.0,-7625000000.0,-115000000.0,8532000000.0,2414000000.0,5.0,864000000.0,-1858000000.0,0.0,0.0,2275000000.0,0.0,-219000000.0,12214000000.0,0.0,-3097000000.0,-6068000000.0,-1703000000.0,-3540000000.0,-710000000.0,-5763000000.0,1550000000.0,-5763000000.0,-5767000000.0,3922000000.0,-6778000000.0,43.0,2417000000.0,1471000000.0,-454000000.0,-9000000.0,88000000.0,1315000000.0,-219000000.0,48.0,81.0,36.0,234.0,14141000000.0,186000000.0,228000000.0,163000000.0,0.0,27000000000.0,11677000000.0,4023000000.0,9409000000.0,17591000000.0,27000000000.0,15887000000.0,-7153000000.0,,,
735,HAR,2016-06-30,1745165000.0,-145728000.0,-16037000.0,15.0,-198455000.0,1410765000.0,33.0,602300000.0,-15229000.0,1012000.0,4818585000.0,159.0,140181000.0,0.0,224010000.0,563990000.0,530508000.0,-10230000.0,593290000.0,1510279000.0,30.0,2093091000.0,168057000.0,476284000.0,33482000.0,706084000.0,-309000.0,4514000.0,1316506000.0,0.0,235456000.0,-47213000.0,446528000.0,-57635000.0,-425876000.0,361734000.0,57093000.0,361734000.0,361734000.0,1122920000.0,580027000.0,8.0,415553000.0,487151000.0,-77241000.0,-34222000.0,-227112000.0,453257000.0,-40583000.0,8.0,22.0,5.0,121.0,2490570000.0,-162691000.0,1513064000.0,86641000.0,0.0,6054042000.0,2918455000.0,1831806000.0,2452473000.0,3601569000.0,6054042000.0,6911676000.0,-1372633000.0,2016.0,,
739,HAS,2015-12-27,900084000.0,-227808000.0,9104000.0,27.0,-142022000.0,893630000.0,92.0,976750000.0,-99353000.0,104847000.0,1677033000.0,269.0,0.0,0.0,197776000.0,701037000.0,603915000.0,-18758000.0,237527000.0,592695000.0,62.0,2770476000.0,157043000.0,280807000.0,97122000.0,384492000.0,0.0,149663000.0,1547115000.0,0.0,-87310000.0,83583000.0,552445000.0,-346457000.0,-103647000.0,451838000.0,34926000.0,451838000.0,451838000.0,1217850000.0,691933000.0,16.0,744090000.0,286506000.0,-146001000.0,-3676000.0,38375000.0,404883000.0,50369000.0,14.0,36.0,10.0,233.0,3852321000.0,-43902000.0,1370183000.0,164563000.0,0.0,4720717000.0,2865598000.0,1064647000.0,1663902000.0,3056815000.0,4720717000.0,4447509000.0,-3040895000.0,2015.0,3.61,125162880.886
743,HBAN,2015-12-31,1472073000.0,0.0,0.0,11.0,-93097000.0,7038502000.0,,15871022000.0,0.0,7970000.0,82175000.0,,0.0,0.0,341281000.0,995214000.0,913605000.0,0.0,620540000.0,676869000.0,0.0,0.0,220648000.0,54978000.0,81609000.0,0.0,-4423788000.0,-29652000.0,0.0,67035502000.0,376563000.0,-373409000.0,1033362000.0,3521883000.0,-4928654000.0,692957000.0,150625000.0,661084000.0,692957000.0,0.0,0.0,0.0,1757668000.0,0.0,-226158000.0,3602554000.0,-411769000.0,0.0,-175614000.0,29.0,14.0,22.0,,-594067000.0,-232844000.0,1948041000.0,615279000.0,0.0,71044551000.0,0.0,0.0,6594606000.0,64449945000.0,71044551000.0,3153251000.0,-17932000.0,2015.0,0.82,845069512.195
747,HBI,2016-12-31,1358696000.0,-79211000.0,-51758000.0,44.0,-83399000.0,260002000.0,29.0,460245000.0,135807000.0,3787000.0,3752151000.0,206.0,464872000.0,0.0,112209000.0,723891000.0,571199000.0,-8944000.0,692464000.0,1098540000.0,38.0,2276048000.0,34272000.0,1285458000.0,152692000.0,1840565000.0,0.0,-135665000.0,3507685000.0,0.0,1073213000.0,141076000.0,605607000.0,511054000.0,-966641000.0,539382000.0,57648000.0,539382000.0,536927000.0,814178000.0,775649000.0,13.0,67980000.0,183432000.0,-435991000.0,-14883000.0,-883242000.0,573213000.0,-24563000.0,9.0,47.0,9.0,91.0,1396116000.0,-379901000.0,1500399000.0,190239000.0,0.0,6907734000.0,3298420000.0,1602922000.0,1223914000.0,5683820000.0,6907734000.0,6028199000.0,0.0,,,
751,HCA,2015-12-31,5283000000.0,-4114000000.0,-389000000.0,28.0,-2375000000.0,0.0,13.0,741000000.0,-314000000.0,4000000.0,6638000000.0,167.0,0.0,0.0,1939000000.0,5622000000.0,3957000000.0,0.0,15014000000.0,0.0,83.0,33040000000.0,1261000000.0,6731000000.0,1665000000.0,1439000000.0,63000000.0,192000000.0,30255000000.0,610000000.0,778000000.0,175000000.0,4734000000.0,-1976000000.0,-2583000000.0,2129000000.0,4335000000.0,2129000000.0,2040000000.0,5889000000.0,5965000000.0,15.0,1157000000.0,1163000000.0,-265000000.0,-47000000.0,-271000000.0,3019000000.0,0.0,10.0,52.0,5.0,141.0,-7338000000.0,-2397000000.0,25171000000.0,233000000.0,0.0,32744000000.0,9232000000.0,5516000000.0,-7599000000.0,40343000000.0,32744000000.0,39678000000.0,0.0,2015.0,5.14,414202334.63
755,HCN,2015-12-31,697191000.0,478000.0,342047000.0,6.0,-432313000.0,16478300000.0,,422690000.0,0.0,354811000.0,1622257000.0,,0.0,0.0,835249000.0,1128286000.0,636117000.0,-8575000.0,24718608000.0,68321000.0,57.0,2153428000.0,6451000.0,1350585000.0,492169000.0,0.0,-3875811000.0,-18099000.0,12967686000.0,542281000.0,1371386000.0,-112818000.0,1373468000.0,2006449000.0,-3484160000.0,849073000.0,-332709000.0,818344000.0,849073000.0,1921360000.0,1066626000.0,28.0,0.0,0.0,3641627000.0,-27004000.0,823964000.0,0.0,0.0,17.0,4.0,22.0,,-6846056000.0,1923077000.0,258342000.0,0.0,0.0,29023845000.0,0.0,0.0,14590560000.0,14433285000.0,29023845000.0,3775685000.0,-44372000.0,2015.0,2.35,361307659.574
759,HCP,2016-12-31,417360000.0,3813000.0,211140000.0,11.0,-888484000.0,8198890000.0,,136990000.0,0.0,468081000.0,0.0,,0.0,149181000.0,614699000.0,831687000.0,367284000.0,-1019000.0,11325830000.0,0.0,100.0,2040486000.0,4473000.0,479805000.0,464403000.0,0.0,-78445000.0,42024000.0,8289777000.0,2251946000.0,-1757807000.0,-251770000.0,1214131000.0,-1054265000.0,-410617000.0,627747000.0,-75526000.0,626549000.0,374171000.0,853070000.0,620547000.0,30.0,711624000.0,0.0,-3119376000.0,1639766000.0,556312000.0,61921000.0,-10805000.0,18.0,7.0,31.0,,0.0,69499000.0,842010000.0,899718000.0,0.0,15759265000.0,0.0,0.0,5547595000.0,10211670000.0,15759265000.0,2040486000.0,0.0,,,
763,HD,2016-01-31,10533000000.0,-181000000.0,166000000.0,111.0,-1503000000.0,9347000000.0,18.0,2216000000.0,-546000000.0,88000000.0,58254000000.0,136.0,0.0,854000000.0,1863000000.0,11940000000.0,11021000000.0,-111000000.0,22191000000.0,2102000000.0,34.0,30265000000.0,4012000000.0,0.0,919000000.0,11809000000.0,144000000.0,1151000000.0,20888000000.0,0.0,4012000000.0,604000000.0,9373000000.0,-5787000000.0,-2982000000.0,7009000000.0,100000000.0,7009000000.0,7009000000.0,1890000000.0,11774000000.0,13.0,1263000000.0,1078000000.0,-898000000.0,4000000.0,-1623000000.0,1965000000.0,-23000000.0,12.0,174.0,8.0,41.0,30973000000.0,-6772000000.0,16801000000.0,427000000.0,0.0,42549000000.0,16993000000.0,12526000000.0,6316000000.0,36233000000.0,42549000000.0,88519000000.0,-33194000000.0,2015.0,5.49,1276684881.6
767,HES,2015-12-31,2542000000.0,841000000.0,-75000000.0,16.0,-4321000000.0,4127000000.0,103.0,2716000000.0,29000000.0,286000000.0,3323000000.0,168.0,2653000000.0,2464000000.0,3955000000.0,-3917000000.0,-4258000000.0,0.0,26352000000.0,375000000.0,50.0,3313000000.0,-1299000000.0,0.0,341000000.0,399000000.0,0.0,-646000000.0,6544000000.0,0.0,643000000.0,272000000.0,1981000000.0,2497000000.0,-4206000000.0,-3056000000.0,973000000.0,-3056000000.0,-2959000000.0,1159000000.0,-3842000000.0,58.0,411000000.0,130000000.0,-1664000000.0,-25000000.0,115000000.0,2158000000.0,-164000000.0,64.0,22.0,46.0,152.0,16637000000.0,2166000000.0,703000000.0,86000000.0,0.0,34195000000.0,4404000000.0,2628000000.0,19386000000.0,14809000000.0,34195000000.0,6636000000.0,0.0,2015.0,-10.78,283487940.631
771,HIG,2015-12-31,0.0,329000000.0,7000000.0,10.0,-307000000.0,8973000000.0,,448000000.0,0.0,5000000.0,10775000000.0,,5022000000.0,0.0,1875000000.0,2335000000.0,1978000000.0,-48000000.0,974000000.0,498000000.0,41.0,7602000000.0,305000000.0,0.0,357000000.0,0.0,994000000.0,-36000000.0,5359000000.0,70885000000.0,-806000000.0,49000000.0,2756000000.0,-3144000000.0,485000000.0,1682000000.0,143000000.0,1682000000.0,1673000000.0,26726000000.0,1978000000.0,11.0,121952000000.0,0.0,-329000000.0,-814000000.0,-202000000.0,205347000000.0,-1237000000.0,11.0,11.0,9.0,,12550000000.0,-1208000000.0,0.0,275000000.0,1843000000.0,228348000000.0,0.0,0.0,17642000000.0,210706000000.0,228348000000.0,18377000000.0,-3557000000.0,2015.0,4.05,415308641.975
775,HOG,2015-12-31,707578000.0,0.0,6585000.0,41.0,-259974000.0,1328561000.0,31.0,810476000.0,0.0,3449000.0,3619612000.0,145.0,99614000.0,0.0,0.0,1162280000.0,1150163000.0,-14677000.0,942418000.0,54182000.0,40.0,2375790000.0,397956000.0,0.0,12117000.0,585907000.0,-603438000.0,0.0,4845388000.0,4814571000.0,1408571000.0,-184471000.0,1100118000.0,-354064000.0,-915848000.0,752207000.0,0.0,752207000.0,752207000.0,2403756000.0,1155695000.0,19.0,97228000.0,137823000.0,-615205000.0,0.0,-52436000.0,553547000.0,0.0,19.0,63.0,13.0,123.0,8961985000.0,-1516841000.0,1220095000.0,2045000000.0,45192000.0,9991167000.0,3983154000.0,2752578000.0,1839654000.0,8151513000.0,9991167000.0,5995402000.0,-7839136000.0,2015.0,3.71,202751212.938
779,HOLX,2016-09-24,444500000.0,-31800000.0,22000000.0,15.0,-94500000.0,5560300000.0,61.0,548400000.0,7600000.0,2900000.0,1269400000.0,147.0,0.0,998500000.0,465400000.0,570600000.0,415300000.0,-2000000.0,460200000.0,2803100000.0,55.0,1563300000.0,84500000.0,2643400000.0,155300000.0,274700000.0,36300000.0,80800000.0,3049400000.0,0.0,-442800000.0,57100000.0,787200000.0,-659700000.0,-68400000.0,330800000.0,-65400000.0,330800000.0,325500000.0,447000000.0,548600000.0,19.0,83700000.0,56500000.0,-32300000.0,-16400000.0,-10200000.0,224500000.0,-200000.0,15.0,19.0,12.0,117.0,-3138200000.0,-211500000.0,682400000.0,296000000.0,0.0,7317000000.0,1326600000.0,901900000.0,2142700000.0,5174300000.0,7317000000.0,2832700000.0,-250000000.0,2016.0,1.18,280338983.051
783,HON,2016-12-31,12738000000.0,-770000000.0,102000000.0,25.0,-1095000000.0,5781000000.0,60.0,7843000000.0,-18000000.0,958000000.0,27150000000.0,141.0,347000000.0,486000000.0,1030000000.0,6447000000.0,6447000000.0,-114000000.0,5793000000.0,17707000000.0,31.0,12152000000.0,1601000000.0,4634000000.0,0.0,4366000000.0,-273000000.0,487000000.0,12182000000.0,1004000000.0,3942000000.0,2388000000.0,5498000000.0,346000000.0,-3342000000.0,4809000000.0,-194000000.0,4809000000.0,4809000000.0,8818000000.0,6683000000.0,17.0,1603000000.0,0.0,-2714000000.0,227000000.0,-1974000000.0,5597000000.0,117000000.0,16.0,33.0,12.0,114.0,28710000000.0,-1908000000.0,5469000000.0,3593000000.0,2031000000.0,54146000000.0,23058000000.0,16331000000.0,19369000000.0,34777000000.0,54146000000.0,39302000000.0,-13366000000.0,,,
787,HP,2016-09-30,330061000.0,72792000.0,-23788000.0,1.0,-257169000.0,448452000.0,288.0,905561000.0,1944000.0,11140000.0,898805000.0,476.0,0.0,1342456000.0,599755000.0,-49754000.0,-72667000.0,0.0,5144733000.0,0.0,45.0,725427000.0,-19677000.0,0.0,22913000.0,124325000.0,1105000.0,21824000.0,491847000.0,84955000.0,-41111000.0,176177000.0,753597000.0,-343201000.0,-234219000.0,-56828000.0,113801000.0,-56828000.0,-52990000.0,375169000.0,-25966000.0,2.0,29645000.0,123483000.0,-204000.0,-2978000.0,21845000.0,106671000.0,309000.0,4.0,2.0,3.0,439.0,4289807000.0,1040000.0,136287000.0,0.0,44148000.0,6832019000.0,1572686000.0,330120000.0,4560925000.0,2271094000.0,6832019000.0,1624232000.0,-188270000.0,2016.0,-0.54,105237037.037
790,HPE,2016-10-31,13718000000.0,690000000.0,2737000000.0,10.0,-3280000000.0,35248000000.0,58.0,12987000000.0,34000000.0,17000000.0,35507000000.0,128.0,0.0,0.0,3775000000.0,4079000000.0,4079000000.0,0.0,9636000000.0,24178000000.0,29.0,14616000000.0,918000000.0,1084000000.0,0.0,1774000000.0,-71000000.0,637000000.0,12608000000.0,15864000000.0,170000000.0,3145000000.0,4958000000.0,-2232000000.0,419000000.0,3161000000.0,-1488000000.0,3161000000.0,3085000000.0,9832000000.0,4150000000.0,8.0,0.0,4324000000.0,-6599000000.0,0.0,3770000000.0,13022000000.0,-1851000000.0,8.0,13.0,6.0,120.0,2782000000.0,-2543000000.0,8419000000.0,3532000000.0,0.0,79679000000.0,28917000000.0,22531000000.0,31448000000.0,48231000000.0,79679000000.0,50123000000.0,0.0,2016.0,1.84,1717934782.61
794,HPQ,2016-10-31,17811000000.0,565000000.0,0.0,64.0,-433000000.0,1030000000.0,33.0,6288000000.0,-291000000.0,17000000.0,39240000000.0,98.0,0.0,0.0,332000000.0,3761000000.0,3761000000.0,0.0,1736000000.0,5622000000.0,19.0,8998000000.0,1095000000.0,0.0,0.0,4484000000.0,7000000.0,877000000.0,6758000000.0,0.0,-2087000000.0,-11145000000.0,3230000000.0,-14423000000.0,48000000.0,2496000000.0,739000000.0,2496000000.0,2666000000.0,4114000000.0,3549000000.0,7.0,3184000000.0,3582000000.0,-1438000000.0,-10375000000.0,474000000.0,7333000000.0,-1488000000.0,8.0,97.0,5.0,74.0,-3498000000.0,-1113000000.0,4019000000.0,78000000.0,0.0,29010000000.0,18468000000.0,18808000000.0,-3889000000.0,32899000000.0,29010000000.0,48238000000.0,0.0,2016.0,1.44,1733333333.33
798,HRB,2016-04-30,795126000.0,-70721000.0,5249000.0,1620.0,-99923000.0,758230000.0,96.0,1000911000.0,0.0,2602000.0,1250320000.0,118.0,120123000.0,293142000.0,173598000.0,638441000.0,569479000.0,-10569000.0,293565000.0,470757000.0,59.0,1787833000.0,185926000.0,433885000.0,68962000.0,0.0,470192000.0,-40344000.0,1501925000.0,202385000.0,251098000.0,-1110389000.0,532394000.0,-1961729000.0,329515000.0,374267000.0,135211000.0,374267000.0,383553000.0,153116000.0,633192000.0,21.0,114762000.0,67138000.0,-11233000.0,-18576000.0,-40754000.0,0.0,-39617000.0,19.0,2465.0,12.0,118.0,40347000.0,-1992563000.0,905648000.0,826000.0,1133000.0,2857775000.0,1222298000.0,1039605000.0,23103000.0,2834672000.0,2857775000.0,3038153000.0,-766843000.0,2016.0,1.5,249511333.333
802,HRL,2016-10-30,1053196000.0,21389000.0,6191000.0,20.0,-255524000.0,0.0,39.0,415143000.0,-12281000.0,7742000.0,7365049000.0,193.0,6223000.0,0.0,131968000.0,1330086000.0,1317215000.0,-6339000.0,1105449000.0,1834497000.0,23.0,2158175000.0,426698000.0,903258000.0,12871000.0,985683000.0,0.0,-109189000.0,250000000.0,239590000.0,-185000000.0,67904000.0,992848000.0,-509646000.0,-408959000.0,890052000.0,21788000.0,890052000.0,928737000.0,609592000.0,1323895000.0,14.0,251138000.0,19494000.0,-296303000.0,0.0,-153435000.0,615465000.0,48656000.0,14.0,30.0,9.0,99.0,4736567000.0,-75810000.0,871974000.0,0.0,0.0,6370067000.0,2029912000.0,1053196000.0,4448006000.0,1922061000.0,6370067000.0,9523224000.0,0.0,2016.0,0.46,1934895652.17
806,HRS,2016-07-01,1529000000.0,192000000.0,12000000.0,11.0,-152000000.0,0.0,25.0,487000000.0,-28000000.0,125000000.0,5132000000.0,133.0,598000000.0,9000000.0,361000000.0,794000000.0,611000000.0,-24000000.0,1015000000.0,5975000000.0,31.0,2335000000.0,266000000.0,1542000000.0,183000000.0,964000000.0,-19000000.0,-67000000.0,4120000000.0,0.0,-669000000.0,6000000.0,924000000.0,-893000000.0,-1000000.0,324000000.0,115000000.0,324000000.0,345000000.0,999000000.0,782000000.0,10.0,258000000.0,158000000.0,1601000000.0,-16000000.0,170000000.0,2846000000.0,27000000.0,8.0,20.0,4.0,84.0,1330000000.0,44000000.0,1186000000.0,397000000.0,0.0,11996000000.0,2608000000.0,1964000000.0,3056000000.0,8939000000.0,11995000000.0,7467000000.0,0.0,2016.0,2.61,124137931.034
810,HSIC,2015-12-26,1801035000.0,-120001000.0,12794000.0,17.0,-71684000.0,207374000.0,3.0,72086000.0,-194869000.0,824000.0,7617460000.0,150.0,0.0,252862000.0,159127000.0,746766000.0,720758000.0,-24827000.0,318476000.0,1907593000.0,28.0,3012259000.0,211391000.0,592971000.0,26008000.0,1509957000.0,20000.0,212611000.0,463752000.0,454600000.0,78970000.0,-17388000.0,586841000.0,-319371000.0,-260031000.0,479058000.0,64922000.0,479058000.0,479058000.0,1287975000.0,733972000.0,7.0,0.0,361082000.0,-219939000.0,0.0,-188367000.0,212121000.0,-58376000.0,7.0,25.0,5.0,80.0,2895997000.0,-367089000.0,2243356000.0,345962000.0,0.0,6504740000.0,3231100000.0,2146997000.0,2884256000.0,3620484000.0,6504740000.0,10629719000.0,0.0,2015.0,5.78,82882006.9204
814,HST,2015-12-31,243000000.0,17000000.0,96000000.0,8.0,-397000000.0,8302000000.0,47.0,254000000.0,0.0,8000000.0,2012000000.0,47.0,0.0,0.0,737000000.0,814000000.0,580000000.0,-15000000.0,10716000000.0,0.0,63.0,3375000000.0,9000000.0,0.0,234000000.0,0.0,-173000000.0,-56000000.0,4017000000.0,401000000.0,482000000.0,-445000000.0,1171000000.0,-865000000.0,-736000000.0,558000000.0,-135000000.0,558000000.0,571000000.0,0.0,650000000.0,12.0,413000000.0,0.0,-107000000.0,-17000000.0,-166000000.0,0.0,37000000.0,11.0,8.0,10.0,47.0,-1139000000.0,-673000000.0,2011000000.0,0.0,0.0,11784000000.0,254000000.0,542000000.0,7064000000.0,4720000000.0,11784000000.0,5387000000.0,0.0,2015.0,0.22,2536363636.36
818,HSY,2015-12-31,1354476000.0,-24440000.0,-30139000.0,51.0,-329707000.0,783877000.0,16.0,346529000.0,52049000.0,359901000.0,4003951000.0,83.0,36390000.0,53188000.0,244928000.0,1007620000.0,901847000.0,-10364000.0,2240460000.0,684252000.0,46.0,3382675000.0,388896000.0,379305000.0,105773000.0,750970000.0,64596000.0,-1017000.0,1557091000.0,0.0,254305000.0,-28325000.0,1214456000.0,-755162000.0,-477255000.0,512951000.0,286168000.0,512951000.0,512951000.0,599073000.0,1037759000.0,14.0,155366000.0,152026000.0,-371025000.0,-10000000.0,-212144000.0,468718000.0,143817000.0,12.0,90.0,7.0,49.0,5897603000.0,-548174000.0,1969308000.0,863436000.0,0.0,5344371000.0,1848598000.0,2217912000.0,997997000.0,4346374000.0,5344371000.0,7386626000.0,-5672359000.0,2015.0,,
822,HUM,2016-12-31,2467000000.0,-158000000.0,0.0,6.0,-527000000.0,2562000000.0,,3877000000.0,0.0,33000000.0,45007000000.0,,0.0,280000000.0,465000000.0,1741000000.0,1552000000.0,0.0,1505000000.0,3272000000.0,17.0,9372000000.0,938000000.0,0.0,189000000.0,0.0,-828000000.0,440000000.0,4304000000.0,9798000000.0,-91000000.0,1306000000.0,1936000000.0,732000000.0,-1362000000.0,614000000.0,-13000000.0,614000000.0,614000000.0,1280000000.0,1741000000.0,3.0,5664000000.0,0.0,-66000000.0,1093000000.0,-7000000.0,7660000000.0,588000000.0,3.0,15.0,1.0,,11454000000.0,-93000000.0,0.0,300000000.0,0.0,25396000000.0,0.0,0.0,10685000000.0,14711000000.0,25396000000.0,54379000000.0,-3298000000.0,,,
826,IBM,2015-12-31,16788000000.0,812000000.0,724000000.0,92.0,-3579000000.0,0.0,24.0,7686000000.0,133000000.0,53262000000.0,41057000000.0,124.0,4822000000.0,3771000000.0,3855000000.0,16413000000.0,15945000000.0,-473000000.0,10727000000.0,32021000000.0,50.0,40684000000.0,2581000000.0,3487000000.0,468000000.0,1551000000.0,-629000000.0,59000000.0,33428000000.0,15200000000.0,19000000.0,-790000000.0,17008000000.0,-9166000000.0,-8159000000.0,13190000000.0,2407000000.0,13190000000.0,13364000000.0,28554000000.0,15689000000.0,19.0,1734000000.0,4205000000.0,-29607000000.0,0.0,-3952000000.0,24603000000.0,-3448000000.0,20.0,112.0,16.0,120.0,146124000000.0,-4287000000.0,19748000000.0,6461000000.0,508000000.0,110495000000.0,42504000000.0,34269000000.0,14262000000.0,96233000000.0,110495000000.0,81741000000.0,-155518000000.0,2015.0,13.48,978486646.884
830,IDXX,2015-12-31,258178000.0,-50142000.0,2468000.0,228.0,-82921000.0,940534000.0,40.0,128994000.0,-34969000.0,10258000.0,711622000.0,96.0,0.0,76444000.0,70388000.0,302380000.0,273141000.0,-5948000.0,333026000.0,178934000.0,56.0,890270000.0,81006000.0,55909000.0,29239000.0,188833000.0,-215183000.0,-2787000.0,597085000.0,0.0,274097000.0,-193542000.0,216364000.0,-95552000.0,-308406000.0,192078000.0,23652000.0,192078000.0,192078000.0,228147000.0,299912000.0,19.0,85490000.0,62069000.0,-36856000.0,0.0,-10302000.0,28698000.0,18087000.0,17.0,325.0,12.0,74.0,318356000.0,-379584000.0,482465000.0,573000000.0,213591000.0,1474993000.0,821634000.0,856761000.0,-84125000.0,1559118000.0,1474993000.0,1601892000.0,-1316417000.0,2015.0,2.07,92791304.3478
834,IFF,2015-12-31,347297000.0,-91712000.0,-3184000.0,26.0,-101030000.0,140802000.0,25.0,181988000.0,-37628000.0,14470000.0,1671590000.0,196.0,166323000.0,43260000.0,89597000.0,585163000.0,539101000.0,-21711000.0,732794000.0,941389000.0,45.0,1351599000.0,119854000.0,306004000.0,46062000.0,589019000.0,12128000.0,100998000.0,937844000.0,0.0,136826000.0,-296585000.0,433578000.0,-131296000.0,-577156000.0,419247000.0,-32316000.0,419247000.0,419247000.0,537896000.0,588347000.0,19.0,119060000.0,146981000.0,-613439000.0,0.0,-488254000.0,403232000.0,-14608000.0,18.0,34.0,14.0,117.0,3604254000.0,-121307000.0,509557000.0,0.0,0.0,3721454000.0,1455884000.0,742128000.0,1590318000.0,2126464000.0,3716782000.0,3023189000.0,-1555769000.0,2015.0,5.19,80779768.7861
838,ILMN,2017-01-01,480681000.0,3239000.0,7327000.0,21.0,-259891000.0,2733394000.0,221.0,734516000.0,-29686000.0,1887000.0,731925000.0,329.0,123317000.0,0.0,170647000.0,594359000.0,561178000.0,-2240000.0,713334000.0,775995000.0,69.0,1666448000.0,133088000.0,242652000.0,33181000.0,300170000.0,-225317000.0,-10482000.0,1047805000.0,0.0,-60897000.0,-34254000.0,687238000.0,-204713000.0,-514539000.0,462649000.0,133516000.0,454106000.0,462649000.0,381316000.0,587032000.0,24.0,107211000.0,77881000.0,-1037000.0,-129025000.0,-29331000.0,213955000.0,-8086000.0,23.0,26.0,19.0,286.0,1485414000.0,-106123000.0,584491000.0,1250000.0,824208000.0,4280600000.0,2318091000.0,704665000.0,2197229000.0,2083371000.0,4280600000.0,2398373000.0,-2022429000.0,,,
842,INTC,2016-12-31,12030000000.0,65000000.0,0.0,16.0,-9625000000.0,0.0,84.0,5560000000.0,119000000.0,25373000000.0,23196000000.0,175.0,0.0,1730000000.0,7790000000.0,12936000000.0,12936000000.0,0.0,36171000000.0,14099000000.0,61.0,36191000000.0,2620000000.0,9494000000.0,0.0,5553000000.0,-38000000.0,-31000000.0,20649000000.0,10896000000.0,1219000000.0,-9748000000.0,21808000000.0,-5739000000.0,-25817000000.0,10316000000.0,3034000000.0,10316000000.0,10822000000.0,4690000000.0,12874000000.0,22.0,7159000000.0,8166000000.0,106000000.0,-675000000.0,-16154000000.0,3538000000.0,515000000.0,22.0,20.0,17.0,148.0,40747000000.0,-1479000000.0,8397000000.0,4634000000.0,11539000000.0,113327000000.0,35508000000.0,20302000000.0,66226000000.0,47101000000.0,113327000000.0,59387000000.0,0.0,,,
846,INTU,2016-07-31,473000000.0,-20000000.0,-4000000.0,84.0,-416000000.0,4442000000.0,48.0,638000000.0,0.0,3000000.0,730000000.0,72.0,139000000.0,204000000.0,238000000.0,1238000000.0,1203000000.0,-2000000.0,1031000000.0,1282000000.0,84.0,3964000000.0,397000000.0,44000000.0,35000000.0,0.0,418000000.0,136000000.0,488000000.0,28000000.0,500000000.0,-170000000.0,1401000000.0,-1940000000.0,371000000.0,979000000.0,14000000.0,979000000.0,806000000.0,128000000.0,1242000000.0,26.0,112000000.0,406000000.0,-32000000.0,-6000000.0,369000000.0,146000000.0,54000000.0,26.0,104.0,21.0,72.0,6687000000.0,-2175000000.0,1807000000.0,512000000.0,442000000.0,4250000000.0,1614000000.0,2251000000.0,1161000000.0,3089000000.0,4250000000.0,4694000000.0,-9939000000.0,2016.0,3.73,262466487.936
850,IP,2015-12-31,3498000000.0,7000000.0,-174000000.0,24.0,0.0,6243000000.0,27.0,1050000000.0,-131000000.0,449000000.0,15468000000.0,165.0,1187000000.0,3231000000.0,1294000000.0,1821000000.0,1266000000.0,-71000000.0,11980000000.0,3335000000.0,31.0,6897000000.0,466000000.0,0.0,555000000.0,2228000000.0,-198000000.0,-106000000.0,15177000000.0,228000000.0,-299000000.0,-831000000.0,2580000000.0,-1601000000.0,-1739000000.0,938000000.0,591000000.0,938000000.0,917000000.0,2987000000.0,1995000000.0,9.0,7380000000.0,212000000.0,-5708000000.0,-14000000.0,-1541000000.0,4346000000.0,8000000.0,6.0,33.0,4.0,108.0,4649000000.0,-603000000.0,3219000000.0,426000000.0,0.0,30587000000.0,6477000000.0,3924000000.0,3884000000.0,26703000000.0,30587000000.0,22365000000.0,-1749000000.0,2015.0,2.25,416888888.889
854,IPG,2015-12-31,7432300000.0,-473900000.0,-23900000.0,23.0,-161100000.0,1404100000.0,20.0,1502900000.0,0.0,40400000.0,0.0,101.0,228400000.0,464200000.0,233100000.0,848000000.0,762200000.0,-156100000.0,567200000.0,3608500000.0,100.0,7613800000.0,282800000.0,0.0,85800000.0,0.0,100000.0,365600000.0,1610300000.0,0.0,50400000.0,-157700000.0,674000000.0,-472800000.0,-202800000.0,454600000.0,134600000.0,454600000.0,454600000.0,5955400000.0,871900000.0,11.0,487900000.0,228000000.0,-845600000.0,-50300000.0,-41800000.0,672600000.0,-65900000.0,10.0,39.0,6.0,101.0,1437600000.0,-271700000.0,6742700000.0,152000000.0,6800000.0,12585100000.0,7693100000.0,7584300000.0,1965500000.0,10619600000.0,12585100000.0,7613800000.0,-71000000.0,1215.0,1.11,409549549.55
858,IRM,2015-12-31,570651000.0,17984000.0,-100740000.0,24.0,-290249000.0,1623863000.0,15.0,128381000.0,0.0,2113000.0,1290025000.0,102.0,0.0,150695000.0,354713000.0,425937000.0,162066000.0,-8015000.0,2497158000.0,2360978000.0,57.0,1717951000.0,37713000.0,603314000.0,263871000.0,0.0,0.0,-59452000.0,4757610000.0,0.0,299108000.0,2448000.0,541760000.0,-108511000.0,-422786000.0,123241000.0,105249000.0,123241000.0,125203000.0,586580000.0,524527000.0,17.0,31225000.0,142951000.0,-174917000.0,0.0,-132537000.0,71844000.0,-1937000.0,5.0,32.0,4.0,102.0,-942218000.0,12723000.0,844960000.0,88068000.0,0.0,6350587000.0,857912000.0,841831000.0,508841000.0,5841746000.0,6350587000.0,3007976000.0,0.0,2015.0,0.58,212484482.759
862,ISRG,2016-12-31,355900000.0,-35900000.0,35600000.0,13.0,-53900000.0,4211800000.0,428.0,1036600000.0,-46700000.0,0.0,814300000.0,545.0,150900000.0,0.0,92100000.0,980800000.0,980800000.0,0.0,458400000.0,201100000.0,70.0,1890100000.0,244900000.0,142800000.0,0.0,182300000.0,-1225500000.0,108300000.0,0.0,2283300000.0,0.0,322000000.0,1042900000.0,558500000.0,-1279400000.0,735900000.0,217900000.0,735900000.0,735900000.0,430200000.0,945200000.0,35.0,0.0,83300000.0,-8900000.0,-24000000.0,0.0,112600000.0,-28700000.0,36.0,17.0,27.0,514.0,1574900000.0,538400000.0,705300000.0,0.0,1518000000.0,6486900000.0,3250400000.0,596500000.0,5777800000.0,709100000.0,6486900000.0,2704400000.0,0.0,,,
866,ITW,2016-12-31,2108000000.0,-132000000.0,81000000.0,48.0,-273000000.0,1188000000.0,90.0,2472000000.0,9000000.0,6000000.0,7896000000.0,222.0,449000000.0,134000000.0,470000000.0,3145000000.0,2908000000.0,-133000000.0,1652000000.0,4558000000.0,42.0,5703000000.0,873000000.0,1463000000.0,237000000.0,1076000000.0,21000000.0,224000000.0,7177000000.0,0.0,465000000.0,-618000000.0,2302000000.0,-2255000000.0,-532000000.0,2035000000.0,-240000000.0,2035000000.0,2035000000.0,2357000000.0,3064000000.0,23.0,956000000.0,218000000.0,-1807000000.0,-12000000.0,-280000000.0,871000000.0,-64000000.0,21.0,68.0,15.0,183.0,19505000000.0,-1916000000.0,2415000000.0,652000000.0,0.0,15201000000.0,6123000000.0,2760000000.0,4254000000.0,10942000000.0,15196000000.0,13599000000.0,-14638000000.0,,,
870,IVZ,2015-12-31,1524400000.0,-4489900000.0,239200000.0,12.0,-124500000.0,6197700000.0,67.0,2214700000.0,0.0,98100000.0,0.0,123.0,0.0,288900000.0,93600000.0,1632700000.0,1362100000.0,-74800000.0,426900000.0,6175700000.0,100.0,5122900000.0,398000000.0,1354000000.0,270600000.0,0.0,-540300000.0,4442100000.0,2072800000.0,0.0,1014200000.0,412000000.0,1053500000.0,23300000.0,-664800000.0,968100000.0,173200000.0,968100000.0,964100000.0,1267900000.0,1358400000.0,27.0,107000000.0,6491800000.0,-446000000.0,-12500000.0,0.0,0.0,-129600000.0,27.0,17.0,19.0,123.0,4439600000.0,-545100000.0,3764500000.0,12050400000.0,7035200000.0,25073200000.0,17009600000.0,13848500000.0,7885300000.0,17187900000.0,25073200000.0,5122900000.0,-2404100000.0,2015.0,2.26,428362831.85800004
874,JBHT,2015-12-31,532417000.0,-747000.0,86000.0,33.0,-725122000.0,268728000.0,1.0,5566000.0,0.0,1671000.0,3665578000.0,161.0,0.0,740220000.0,339613000.0,715780000.0,690203000.0,0.0,2701329000.0,0.0,41.0,2522068000.0,262968000.0,0.0,25577000.0,23191000.0,0.0,8568000.0,1005026000.0,0.0,71463000.0,-395000.0,873308000.0,-297171000.0,-576532000.0,427235000.0,116374000.0,427235000.0,427235000.0,654542000.0,715694000.0,12.0,75871000.0,176068000.0,0.0,0.0,148590000.0,58552000.0,-17735000.0,11.0,53.0,7.0,157.0,2885843000.0,-284147000.0,1466761000.0,0.0,0.0,3636567000.0,859367000.0,532417000.0,1300352000.0,2336215000.0,3636567000.0,6187646000.0,-1855890000.0,2015.0,3.69,115781842.81799999
878,JEC,2016-09-30,1780265000.0,397268000.0,-36615000.0,5.0,-67688000.0,1168272000.0,37.0,655716000.0,0.0,120951000.0,9196326000.0,161.0,0.0,861824000.0,47608000.0,301983000.0,286723000.0,-28669000.0,319673000.0,3079628000.0,16.0,1767831000.0,72208000.0,336922000.0,15260000.0,0.0,-3403000.0,-87383000.0,385330000.0,0.0,-202138000.0,194857000.0,680173000.0,-317026000.0,-139621000.0,210463000.0,145750000.0,210463000.0,210463000.0,2115663000.0,338598000.0,3.0,759329000.0,93091000.0,-610594000.0,0.0,-68530000.0,0.0,-37585000.0,3.0,7.0,2.0,161.0,3586647000.0,-109410000.0,1429233000.0,2421000.0,0.0,7360022000.0,2864470000.0,1782686000.0,4265276000.0,3094746000.0,7360022000.0,10964157000.0,0.0,2016.0,1.75,120264571.42899999
882,JNPR,2015-12-31,679100000.0,-218900000.0,-59800000.0,14.0,-210300000.0,8334800000.0,108.0,1420900000.0,0.0,0.0,1779200000.0,162.0,0.0,345200000.0,176500000.0,852200000.0,852200000.0,-21100000.0,1021000000.0,2981300000.0,63.0,3078600000.0,218500000.0,33900000.0,0.0,0.0,-304200000.0,164800000.0,1648800000.0,1244200000.0,595000000.0,-218700000.0,892500000.0,-581400000.0,-508700000.0,633700000.0,179900000.0,633700000.0,633700000.0,780700000.0,912000000.0,19.0,426400000.0,183700000.0,-19200000.0,0.0,5800000.0,248900000.0,-43500000.0,18.0,19.0,13.0,162.0,-3741200000.0,-1032400000.0,1172700000.0,299900000.0,527100000.0,8619200000.0,2912400000.0,1801900000.0,4574400000.0,4044800000.0,8619200000.0,4857800000.0,0.0,2015.0,1.62,391172839.506
886,JPM,2015-12-31,177638000000.0,22664000000.0,0.0,10.0,0.0,92500000000.0,,573080000000.0,0.0,4105000000.0,0.0,,0.0,0.0,4940000000.0,38165000000.0,30702000000.0,-276000000.0,14362000000.0,47325000000.0,100.0,89716000000.0,6260000000.0,7623000000.0,7463000000.0,0.0,-44375000000.0,-40168000000.0,415548000000.0,1557131000000.0,-84879000000.0,-7341000000.0,73466000000.0,-187511000000.0,106980000000.0,24442000000.0,8199000000.0,22406000000.0,24442000000.0,46605000000.0,30702000000.0,34.0,105572000000.0,0.0,171000000.0,-95036000000.0,0.0,0.0,53389000000.0,34.0,12.0,27.0,,146420000000.0,277000000.0,59014000000.0,189345000000.0,0.0,2351698000000.0,0.0,0.0,247573000000.0,2104125000000.0,2351698000000.0,89716000000.0,-21691000000.0,2015.0,6.05,4040000000.0
890,JWN,2016-01-30,1740000000.0,-56000000.0,0.0,69.0,-1082000000.0,0.0,20.0,595000000.0,-203000000.0,2539000000.0,9168000000.0,104.0,0.0,540000000.0,497000000.0,1101000000.0,976000000.0,0.0,3735000000.0,435000000.0,36.0,5269000000.0,376000000.0,0.0,125000000.0,1945000000.0,924000000.0,48000000.0,2795000000.0,0.0,-308000000.0,-232000000.0,2451000000.0,-2539000000.0,-144000000.0,600000000.0,238000000.0,600000000.0,600000000.0,196000000.0,1101000000.0,8.0,514000000.0,278000000.0,-58000000.0,37000000.0,14000000.0,581000000.0,1327000000.0,7.0,112.0,4.0,37.0,-1610000000.0,-1098000000.0,4168000000.0,10000000.0,0.0,7698000000.0,3014000000.0,2911000000.0,871000000.0,6827000000.0,7698000000.0,14437000000.0,0.0,2015.0,3.22,186335403.727
894,K,2016-01-02,1907000000.0,-127000000.0,-91000000.0,29.0,-553000000.0,745000000.0,4.0,251000000.0,-42000000.0,105000000.0,8844000000.0,56.0,0.0,685000000.0,534000000.0,1000000000.0,773000000.0,-50000000.0,3621000000.0,4968000000.0,35.0,4681000000.0,159000000.0,2268000000.0,227000000.0,1250000000.0,-456000000.0,488000000.0,5289000000.0,456000000.0,21000000.0,-192000000.0,1691000000.0,-706000000.0,-1127000000.0,614000000.0,276000000.0,614000000.0,614000000.0,1344000000.0,1091000000.0,8.0,716000000.0,391000000.0,-1376000000.0,0.0,-118000000.0,1414000000.0,-52000000.0,6.0,36.0,5.0,35.0,6597000000.0,-470000000.0,3590000000.0,2470000000.0,0.0,15265000000.0,3236000000.0,5739000000.0,2128000000.0,13137000000.0,15265000000.0,13525000000.0,-3943000000.0,2015.0,1.74,352873563.21800005
898,KEY,2016-09-30,104174000.0,-149000.0,-37753000.0,1.0,-12219000.0,865290000.0,,243276000.0,129028000.0,33000.0,1524907000.0,,0.0,0.0,13794000.0,21703000.0,21703000.0,0.0,19138000.0,0.0,16.0,297207000.0,16498000.0,0.0,0.0,1569279000.0,21397000.0,-26486000.0,1331878000.0,10470000.0,-197317000.0,-22712000.0,163025000.0,-197539000.0,11802000.0,4693000.0,42489000.0,4693000.0,5205000.0,363473000.0,59325000.0,3.0,7522000.0,0.0,0.0,-222000.0,2624000.0,134253000.0,-344000.0,1.0,3.0,0.0,,-222470000.0,0.0,224088000.0,0.0,0.0,2213158000.0,0.0,0.0,642853000.0,1570305000.0,2213158000.0,1822114000.0,0.0,,,
902,KIM,2015-12-31,265241000.0,-2867000.0,170048000.0,18.0,-200527000.0,5608881000.0,,189534000.0,0.0,4134000.0,304477000.0,,152349000.0,0.0,344527000.0,513620000.0,294729000.0,0.0,9669325000.0,0.0,74.0,862292000.0,60230000.0,0.0,218891000.0,0.0,-123529000.0,164000.0,5376310000.0,750124000.0,48870000.0,2212000.0,493701000.0,-512854000.0,21365000.0,894115000.0,-648286000.0,831215000.0,1063106000.0,199076000.0,343572000.0,29.0,383763000.0,0.0,5588000.0,0.0,345421000.0,433960000.0,-99980000.0,25.0,6.0,77.0,,-572335000.0,-50138000.0,122735000.0,0.0,0.0,11344171000.0,0.0,0.0,5046300000.0,6297871000.0,11344171000.0,1166769000.0,0.0,2015.0,2.01,444833333.333
906,KLAC,2016-06-30,106517000.0,-8292000.0,20634000.0,102.0,-31741000.0,452818000.0,249.0,1108488000.0,-67579000.0,156000.0,1163391000.0,386.0,302219000.0,56336000.0,66932000.0,981079000.0,858192000.0,2782000.0,278014000.0,335177000.0,61.0,1821102000.0,153770000.0,4331000.0,122887000.0,698635000.0,169352000.0,-24687000.0,3057936000.0,0.0,-135000000.0,270463000.0,759696000.0,-636702000.0,144687000.0,704422000.0,48427000.0,704422000.0,704422000.0,613233000.0,960445000.0,32.0,174659000.0,64870000.0,-48685000.0,-23942000.0,7076000.0,156623000.0,40473000.0,29.0,125.0,24.0,316.0,284825000.0,-143413000.0,379399000.0,0.0,1382806000.0,4962432000.0,3868032000.0,1002423000.0,689114000.0,4273318000.0,4962432000.0,2984493000.0,0.0,2016.0,4.52,155845575.22100002
910,KMB,2016-12-31,4713000000.0,0.0,11000000.0,2124.0,-771000000.0,697000000.0,16.0,923000000.0,0.0,473000000.0,11551000000.0,87.0,0.0,532000000.0,705000000.0,3328000000.0,3009000000.0,-11000000.0,7169000000.0,1480000000.0,37.0,6651000000.0,922000000.0,0.0,319000000.0,1679000000.0,-193000000.0,0.0,6497000000.0,257000000.0,-213000000.0,304000000.0,3232000000.0,-2185000000.0,-732000000.0,2166000000.0,-26000000.0,2166000000.0,2219000000.0,2176000000.0,3317000000.0,18.0,581000000.0,337000000.0,-3474000000.0,-29000000.0,232000000.0,1610000000.0,334000000.0,17.0,2950.0,12.0,59.0,5831000000.0,-632000000.0,3334000000.0,1133000000.0,0.0,14602000000.0,5115000000.0,5846000000.0,-102000000.0,14704000000.0,14602000000.0,18202000000.0,-3629000000.0,,,
914,KMI,2016-12-31,2143000000.0,-107000000.0,-625000000.0,2.0,-2882000000.0,41739000000.0,13.0,787000000.0,49000000.0,22000000.0,5801000000.0,55.0,5874000000.0,0.0,2268000000.0,1638000000.0,1638000000.0,2000000.0,38705000000.0,22152000000.0,56.0,7257000000.0,917000000.0,3318000000.0,0.0,357000000.0,891000000.0,165000000.0,37354000000.0,7027000000.0,-1450000000.0,455000000.0,4787000000.0,-2629000000.0,-1705000000.0,708000000.0,1973000000.0,552000000.0,1205000000.0,1550000000.0,3572000000.0,27.0,0.0,535000000.0,-661000000.0,0.0,286000000.0,2225000000.0,-282000000.0,13.0,5.0,5.0,48.0,-6669000000.0,117000000.0,1089000000.0,2696000000.0,0.0,80305000000.0,3229000000.0,5924000000.0,34431000000.0,45874000000.0,80305000000.0,13058000000.0,0.0,,,
918,KMX,2016-02-29,689684000.0,-1197068000.0,-12559000.0,21.0,-315584000.0,1130822000.0,38.0,381223000.0,154845000.0,97356000.0,13130915000.0,246.0,161862000.0,0.0,137360000.0,1046302000.0,1009944000.0,0.0,2161698000.0,0.0,13.0,2018760000.0,386516000.0,0.0,36358000.0,1932029000.0,-11139000.0,-142294000.0,10342323000.0,9536892000.0,1445347000.0,9788000.0,-148893000.0,537476000.0,-378795000.0,623428000.0,259767000.0,623428000.0,623428000.0,132171000.0,1058861000.0,7.0,149343000.0,26358000.0,-70196000.0,0.0,-52072000.0,229274000.0,15069000.0,7.0,35.0,4.0,54.0,1746804000.0,-936903000.0,959899000.0,315509000.0,0.0,14481576000.0,2471781000.0,1005193000.0,2904786000.0,11576790000.0,14481576000.0,15149675000.0,0.0,2016.0,3.07,203071009.772
922,KO,2015-12-31,9991000000.0,0.0,1244000000.0,29.0,-2553000000.0,14016000000.0,74.0,7309000000.0,0.0,1760000000.0,17482000000.0,124.0,0.0,4691000000.0,1970000000.0,10461000000.0,9605000000.0,-878000000.0,12571000000.0,11289000000.0,61.0,26812000000.0,2239000000.0,12843000000.0,856000000.0,2902000000.0,-1752000000.0,0.0,28407000000.0,15788000000.0,2696000000.0,-1649000000.0,10528000000.0,-5113000000.0,-6186000000.0,7351000000.0,1349000000.0,7351000000.0,7840000000.0,3941000000.0,8728000000.0,20.0,4207000000.0,6652000000.0,-10174000000.0,251000000.0,-1881000000.0,4301000000.0,-157000000.0,22.0,38.0,17.0,113.0,65018000000.0,-2319000000.0,18084000000.0,15806000000.0,12591000000.0,90093000000.0,33395000000.0,26930000000.0,25554000000.0,64539000000.0,90093000000.0,44294000000.0,-45066000000.0,2015.0,1.69,4349704142.01
926,KORS,2016-04-02,435500000.0,52500000.0,-1100000.0,42.0,-369200000.0,718900000.0,161.0,702000000.0,-16300000.0,0.0,1914900000.0,383.0,24500000.0,109900000.0,186700000.0,1174000000.0,1172300000.0,4100000.0,758200000.0,23200000.0,59.0,2797200000.0,334600000.0,67400000.0,1700000.0,546800000.0,0.0,130400000.0,2300000.0,0.0,-7200000.0,-276900000.0,1228400000.0,-1128300000.0,-381100000.0,839100000.0,43100000.0,839100000.0,839100000.0,307900000.0,1175100000.0,25.0,23700000.0,113100000.0,-80900000.0,-100000.0,-11900000.0,19600000.0,-5700000.0,25.0,59.0,18.0,258.0,3007800000.0,-1139700000.0,1428000000.0,0.0,0.0,2566800000.0,1669800000.0,435500000.0,1995700000.0,571100000.0,2566800000.0,4712100000.0,-1650100000.0,2016.0,4.5,186466666.667
930,KR,2016-01-30,7375000000.0,-59000000.0,0.0,30.0,-3349000000.0,2980000000.0,2.0,277000000.0,-184000000.0,1918000000.0,85496000000.0,76.0,0.0,1752000000.0,2089000000.0,3576000000.0,3094000000.0,0.0,19619000000.0,2724000000.0,22.0,24334000000.0,1045000000.0,1053000000.0,482000000.0,6168000000.0,0.0,267000000.0,9709000000.0,0.0,-349000000.0,9000000.0,4833000000.0,-1254000000.0,-3570000000.0,2039000000.0,713000000.0,2039000000.0,2039000000.0,1734000000.0,3576000000.0,3.0,609000000.0,1713000000.0,-680000000.0,-8000000.0,-221000000.0,2667000000.0,-42000000.0,3.0,45.0,2.0,29.0,14011000000.0,-609000000.0,18669000000.0,2370000000.0,0.0,33897000000.0,9892000000.0,12971000000.0,6820000000.0,27077000000.0,33897000000.0,109830000000.0,-11409000000.0,2015.0,2.09,975598086.124
934,KSS,2016-01-30,2587000000.0,0.0,-169000000.0,12.0,-690000000.0,2944000000.0,26.0,707000000.0,-215000000.0,4000000.0,12265000000.0,187.0,0.0,257000000.0,934000000.0,1384000000.0,1057000000.0,0.0,8308000000.0,0.0,36.0,6939000000.0,384000000.0,0.0,327000000.0,4038000000.0,0.0,-154000000.0,4581000000.0,0.0,-263000000.0,-700000000.0,1474000000.0,-1493000000.0,-681000000.0,673000000.0,193000000.0,673000000.0,673000000.0,0.0,1553000000.0,8.0,222000000.0,331000000.0,-17000000.0,-27000000.0,9000000.0,563000000.0,43000000.0,6.0,19.0,4.0,38.0,12329000000.0,-854000000.0,4452000000.0,127000000.0,0.0,13606000000.0,5076000000.0,2714000000.0,5491000000.0,8115000000.0,13606000000.0,19204000000.0,-9769000000.0,2015.0,3.48,193390804.598
938,KSU,2016-12-31,537700000.0,-18300000.0,-72700000.0,12.0,-590500000.0,954800000.0,23.0,170600000.0,-14200000.0,1100000.0,691100000.0,87.0,0.0,1289300000.0,305000000.0,760400000.0,662700000.0,0.0,8069700000.0,0.0,70.0,1643100000.0,182800000.0,0.0,97700000.0,152600000.0,-33100000.0,55800000.0,2271500000.0,32900000.0,73100000.0,34000000.0,913300000.0,-251100000.0,-628200000.0,478100000.0,95000000.0,477900000.0,492700000.0,191000000.0,818500000.0,35.0,66900000.0,133800000.0,-6200000.0,0.0,-4600000.0,107800000.0,10100000.0,28.0,16.0,20.0,67.0,3134100000.0,-184500000.0,519600000.0,206700000.0,0.0,8817500000.0,648000000.0,744400000.0,4089900000.0,4727600000.0,8817500000.0,2334200000.0,0.0,,,
942,LB,2016-01-30,1869000000.0,-10000000.0,76000000.0,484.0,-727000000.0,545000000.0,136.0,2548000000.0,-92000000.0,156000000.0,6950000000.0,222.0,30000000.0,257000000.0,415000000.0,2268000000.0,1934000000.0,-1000000.0,2330000000.0,1318000000.0,43.0,5204000000.0,681000000.0,411000000.0,334000000.0,1122000000.0,-10000000.0,180000000.0,5715000000.0,0.0,995000000.0,867000000.0,1869000000.0,-558000000.0,-443000000.0,1253000000.0,-38000000.0,1253000000.0,1253000000.0,261000000.0,2192000000.0,18.0,248000000.0,225000000.0,40000000.0,0.0,294000000.0,904000000.0,161000000.0,16.0,747.0,10.0,162.0,315000000.0,-450000000.0,3012000000.0,6000000.0,0.0,8493000000.0,4156000000.0,1875000000.0,-259000000.0,8752000000.0,8493000000.0,12154000000.0,-1315000000.0,2015.0,4.3,291395348.837
946,LEG,2015-12-31,593900000.0,-16400000.0,4400000.0,30.0,-103200000.0,529500000.0,36.0,253200000.0,-49100000.0,2000000.0,2994000000.0,187.0,0.0,38600000.0,113200000.0,490900000.0,449800000.0,-19900000.0,540800000.0,806100000.0,24.0,923200000.0,121800000.0,192300000.0,41100000.0,504600000.0,0.0,-104900000.0,945400000.0,0.0,-3300000.0,-79600000.0,359100000.0,-349200000.0,-69600000.0,329200000.0,87500000.0,325100000.0,328000000.0,520200000.0,486500000.0,12.0,117200000.0,33200000.0,-91100000.0,-6800000.0,33600000.0,184700000.0,-400000.0,11.0,41.0,8.0,115.0,2209200000.0,-183200000.0,411800000.0,3400000.0,0.0,2967600000.0,1311200000.0,701200000.0,1085600000.0,1869900000.0,2955500000.0,3917200000.0,-1564000000.0,2015.0,2.31,142510822.511
950,LEN,2016-11-30,478546000.0,-170751000.0,17527000.0,13.0,-76439000.0,2805349000.0,,1056115000.0,-503527000.0,23707000.0,8923519000.0,,0.0,0.0,64838000.0,1335095000.0,1330469000.0,0.0,0.0,0.0,19.0,2026480000.0,417378000.0,0.0,4626000.0,9178926000.0,-133520000.0,21432000.0,4575977000.0,811723000.0,-95110000.0,171084000.0,507804000.0,-250883000.0,-85837000.0,911844000.0,214938000.0,911844000.0,967049000.0,106976000.0,1262363000.0,12.0,4208041000.0,0.0,-309000.0,7039000.0,124122000.0,3095691000.0,-32217000.0,12.0,19.0,8.0,,4306256000.0,-78000.0,764117000.0,0.0,0.0,15361781000.0,0.0,0.0,7026042000.0,8335739000.0,15361781000.0,10949999000.0,-108961000.0,,,
954,LH,2015-12-31,1130500000.0,-88700000.0,-5900000.0,9.0,-255800000.0,1974500000.0,42.0,716400000.0,-200000.0,12000000.0,5776800000.0,157.0,0.0,1245700000.0,457800000.0,1007000000.0,732100000.0,-35700000.0,1747400000.0,6227700000.0,33.0,2903300000.0,294100000.0,3323500000.0,274900000.0,191000000.0,8000000.0,-1900000.0,5992100000.0,58200000.0,3109400000.0,136400000.0,982400000.0,3184600000.0,-3994900000.0,436900000.0,115100000.0,436900000.0,446900000.0,1415300000.0,1002900000.0,12.0,201900000.0,340300000.0,-287000000.0,-100000.0,-3747100000.0,323100000.0,62300000.0,8.0,15.0,5.0,145.0,4223000000.0,98900000.0,1622000000.0,424900000.0,0.0,14221700000.0,2663000000.0,1701500000.0,4944400000.0,9277300000.0,14221700000.0,8680100000.0,-978100000.0,2015.0,,
958,LKQ,2015-12-31,664340000.0,14704000.0,2263000.0,14.0,-170490000.0,1090713000.0,12.0,87397000.0,-83188000.0,3055000.0,4359104000.0,311.0,0.0,127239000.0,128192000.0,706890000.0,649030000.0,-2960000.0,696567000.0,2319246000.0,39.0,2833529000.0,219703000.0,215117000.0,57860000.0,1556552000.0,0.0,-4222000.0,1528668000.0,0.0,-239027000.0,-27208000.0,529837000.0,-224092000.0,-329993000.0,423223000.0,36627000.0,423223000.0,423223000.0,590160000.0,704627000.0,10.0,76195000.0,106603000.0,-105470000.0,-7581000.0,-159503000.0,125278000.0,14501000.0,9.0,21.0,6.0,104.0,2126384000.0,8168000.0,1987271000.0,56034000.0,0.0,5647837000.0,2340712000.0,751970000.0,3114682000.0,2533155000.0,5647837000.0,7192633000.0,0.0,2015.0,,
962,LLL,2015-12-31,1766000000.0,50000000.0,-15000000.0,6.0,-197000000.0,0.0,7.0,207000000.0,-38000000.0,6052000000.0,9576000000.0,147.0,3000000.0,219000000.0,285000000.0,491000000.0,322000000.0,-19000000.0,1097000000.0,6281000000.0,9.0,890000000.0,25000000.0,199000000.0,169000000.0,333000000.0,0.0,-34000000.0,3143000000.0,0.0,-296000000.0,-235000000.0,1042000000.0,-1178000000.0,-192000000.0,-240000000.0,998000000.0,-240000000.0,297000000.0,2827000000.0,475000000.0,5.0,273000000.0,865000000.0,-574000000.0,-36000000.0,5000000.0,1415000000.0,57000000.0,3.0,7.0,2.0,135.0,5728000000.0,-658000000.0,0.0,499000000.0,0.0,12085000000.0,4232000000.0,2879000000.0,4355000000.0,7730000000.0,12085000000.0,10466000000.0,-6851000000.0,2015.0,-2.97,80808080.8081
966,LLTC,2016-07-03,131265000.0,21804000.0,5896000.0,28.0,-47333000.0,2136910000.0,805.0,263682000.0,2610000.0,240000.0,343801000.0,975.0,0.0,68388000.0,51409000.0,639449000.0,639449000.0,0.0,285866000.0,0.0,76.0,1080135000.0,145103000.0,9385000.0,0.0,97251000.0,-176507000.0,32685000.0,0.0,0.0,0.0,68003000.0,685057000.0,-393214000.0,-223840000.0,494346000.0,71445000.0,494346000.0,494346000.0,157460000.0,633553000.0,44.0,0.0,51744000.0,1235000.0,0.0,0.0,42452000.0,10758000.0,45.0,36.0,35.0,921.0,-379210000.0,-97853000.0,170120000.0,0.0,1184593000.0,2049981000.0,1754730000.0,179966000.0,1759175000.0,290806000.0,2049981000.0,1423936000.0,0.0,2016.0,2.02,244725742.574
970,LLY,2015-12-31,3203100000.0,-304500000.0,0.0,17.0,-1066200000.0,5552100000.0,54.0,3666400000.0,-736300000.0,691300000.0,5037200000.0,153.0,0.0,0.0,1427700000.0,2790000000.0,2790000000.0,-85600000.0,8053500000.0,4039900000.0,75.0,14921500000.0,381600000.0,5034800000.0,0.0,3445800000.0,1161500000.0,461600000.0,7972400000.0,3646600000.0,-181600000.0,-205200000.0,2772800000.0,-2919200000.0,26800000.0,2408400000.0,-145300000.0,2408400000.0,2408400000.0,4071600000.0,2790000000.0,14.0,2220500000.0,604400000.0,-7593900000.0,139200000.0,-68500000.0,4776600000.0,-338800000.0,14.0,19.0,12.0,111.0,16011800000.0,-749500000.0,6432400000.0,6100000.0,785400000.0,35568900000.0,12573600000.0,8229600000.0,14571300000.0,20978600000.0,35549900000.0,19958700000.0,-90000000.0,2015.0,2.27,1060969163.0
974,LMT,2016-12-31,10193000000.0,-811000000.0,0.0,351.0,-1063000000.0,0.0,15.0,1837000000.0,-46000000.0,289000000.0,42186000000.0,120.0,6625000000.0,0.0,1215000000.0,5549000000.0,4886000000.0,0.0,5549000000.0,10764000000.0,11.0,5062000000.0,1133000000.0,4093000000.0,663000000.0,4670000000.0,0.0,843000000.0,14282000000.0,0.0,-952000000.0,747000000.0,5189000000.0,-3457000000.0,-985000000.0,5302000000.0,-1250000000.0,5302000000.0,3753000000.0,8202000000.0,5549000000.0,12.0,5667000000.0,399000000.0,-12102000000.0,1533000000.0,78000000.0,19376000000.0,-64000000.0,10.0,323.0,11.0,83.0,13324000000.0,-1990000000.0,-487000000.0,0.0,0.0,47806000000.0,15108000000.0,12542000000.0,1511000000.0,46295000000.0,47806000000.0,47248000000.0,0.0,,,
978,LNT,2015-12-31,402400000.0,19800000.0,37600000.0,10.0,0.0,1663000000.0,0.0,5800000.0,0.0,1100000.0,2171600000.0,61.0,14600000.0,2381200000.0,413700000.0,648400000.0,461300000.0,0.0,9519100000.0,0.0,33.0,1082000000.0,70400000.0,0.0,187100000.0,223500000.0,-1034300000.0,30100000.0,3522200000.0,346300000.0,86200000.0,-51100000.0,871200000.0,-3100000.0,-919200000.0,388400000.0,34500000.0,378200000.0,390900000.0,397600000.0,577000000.0,18.0,1788400000.0,199900000.0,-8900000.0,6800000.0,115100000.0,1308400000.0,-15300000.0,14.0,12.0,12.0,44.0,2068900000.0,151200000.0,103700000.0,473200000.0,0.0,12495200000.0,826800000.0,1359300000.0,3924100000.0,8571100000.0,12495200000.0,3253600000.0,0.0,2015.0,3.36,115595238.095
982,LOW,2016-01-29,6453000000.0,0.0,0.0,33.0,-1197000000.0,0.0,7.0,405000000.0,-582000000.0,455000000.0,38504000000.0,101.0,241000000.0,729000000.0,1587000000.0,4419000000.0,4419000000.0,-9000000.0,19577000000.0,0.0,35.0,20570000000.0,1873000000.0,0.0,0.0,9458000000.0,-175000000.0,594000000.0,11545000000.0,222000000.0,1209000000.0,-61000000.0,4784000000.0,-3493000000.0,-1343000000.0,2546000000.0,673000000.0,2546000000.0,2546000000.0,0.0,4971000000.0,8.0,665000000.0,391000000.0,-394000000.0,55000000.0,29000000.0,846000000.0,-34000000.0,7.0,58.0,4.0,11.0,7593000000.0,-3800000000.0,14115000000.0,1104000000.0,307000000.0,31266000000.0,10561000000.0,10492000000.0,7654000000.0,23612000000.0,31266000000.0,59074000000.0,0.0,2015.0,2.73,932600732.6010001
986,LRCX,2016-06-26,1121109000.0,-169034000.0,-114139000.0,16.0,-175330000.0,5572898000.0,282.0,5039322000.0,-66371000.0,160000.0,3266971000.0,381.0,0.0,0.0,361550000.0,960117000.0,960117000.0,-722000.0,639608000.0,1386276000.0,44.0,2618922000.0,46068000.0,564921000.0,0.0,971911000.0,798828000.0,229840000.0,3383581000.0,0.0,1886647000.0,3537783000.0,1350277000.0,1595745000.0,592483000.0,914049000.0,126907000.0,914049000.0,914049000.0,1262145000.0,1074256000.0,18.0,465812000.0,152921000.0,-69333000.0,-488000.0,-31015000.0,366076000.0,-46664000.0,16.0,16.0,16.0,341.0,4820109000.0,-98992000.0,630954000.0,949494000.0,1788612000.0,12271528000.0,9214911000.0,2419802000.0,5894517000.0,6377011000.0,12271528000.0,5885893000.0,-4429317000.0,2016.0,5.75,158965043.478
990,LUK,2015-12-31,7107081000.0,463620000.0,1567425000.0,2.0,-295894000.0,4986819000.0,81.0,4389732000.0,0.0,362617000.0,7677233000.0,133.0,1575368000.0,0.0,172073000.0,1265417000.0,356536000.0,-5554000.0,721875000.0,0.0,24.0,2439269000.0,109947000.0,2648362000.0,908881000.0,0.0,1067441000.0,-5472653000.0,7407594000.0,2361089000.0,-449009000.0,-638127000.0,-761755000.0,-651983000.0,781165000.0,252111000.0,128414000.0,279587000.0,246589000.0,3830967000.0,-412289000.0,4.0,1482092000.0,10829882000.0,438793000.0,750000.0,9618000.0,0.0,3694680000.0,4.0,3.0,2.0,133.0,4612982000.0,-103897000.0,2620072000.0,4235316000.0,18500445000.0,46339812000.0,37551026000.0,28149695000.0,10401211000.0,35813601000.0,46214812000.0,10116502000.0,0.0,2015.0,0.74,340690540.541
994,LUV,2016-12-31,3163000000.0,-50000000.0,-138000000.0,27.0,-2038000000.0,1410000000.0,48.0,1680000000.0,0.0,808000000.0,6132000000.0,66.0,0.0,3374000000.0,1221000000.0,3622000000.0,3547000000.0,0.0,17044000000.0,970000000.0,70.0,14293000000.0,1303000000.0,0.0,75000000.0,337000000.0,-125000000.0,351000000.0,2821000000.0,0.0,-85000000.0,97000000.0,4293000000.0,-1924000000.0,-2272000000.0,2244000000.0,276000000.0,2244000000.0,2244000000.0,546000000.0,3760000000.0,18.0,774000000.0,310000000.0,-323000000.0,104000000.0,-109000000.0,1806000000.0,251000000.0,17.0,42.0,11.0,61.0,11418000000.0,-1721000000.0,9312000000.0,566000000.0,1625000000.0,23286000000.0,4498000000.0,6844000000.0,8441000000.0,14845000000.0,23286000000.0,20425000000.0,-4872000000.0,,,
998,LVLT,2015-12-31,955000000.0,-87000000.0,-406000000.0,34.0,-1229000000.0,19642000000.0,61.0,862000000.0,0.0,4000000.0,4265000000.0,124.0,3441000000.0,977000000.0,1190000000.0,925000000.0,283000000.0,-18000000.0,9878000000.0,7749000000.0,48.0,3964000000.0,-3150000000.0,1127000000.0,642000000.0,0.0,0.0,23000000.0,10994000000.0,0.0,-219000000.0,274000000.0,1855000000.0,-219000000.0,-1344000000.0,3433000000.0,-2693000000.0,3433000000.0,3215000000.0,757000000.0,1331000000.0,16.0,201000000.0,130000000.0,-301000000.0,0.0,-115000000.0,632000000.0,-11000000.0,3.0,3.0,42.0,124.0,-9219000000.0,0.0,1467000000.0,15000000.0,0.0,24145000000.0,1749000000.0,1416000000.0,10126000000.0,14019000000.0,24145000000.0,8229000000.0,0.0,2015.0,9.71,353553038.105
1002,LYB,2015-12-31,3992000000.0,780000000.0,58000000.0,68.0,-1440000000.0,10202000000.0,46.0,931000000.0,-240000000.0,31000000.0,25683000000.0,225.0,0.0,2127000000.0,1063000000.0,6519000000.0,6209000000.0,-48000000.0,8991000000.0,536000000.0,22.0,7052000000.0,1730000000.0,640000000.0,310000000.0,4051000000.0,416000000.0,-786000000.0,7671000000.0,2127000000.0,1045000000.0,-107000000.0,5842000000.0,-4850000000.0,-1051000000.0,4476000000.0,675000000.0,4476000000.0,4479000000.0,2517000000.0,6122000000.0,19.0,674000000.0,1226000000.0,-1438000000.0,187000000.0,-27000000.0,2036000000.0,-124000000.0,19.0,95.0,14.0,132.0,9841000000.0,-4656000000.0,828000000.0,357000000.0,1064000000.0,22757000000.0,9789000000.0,4349000000.0,6550000000.0,16207000000.0,22757000000.0,32735000000.0,-12086000000.0,2015.0,9.62,465280665.28099996
1006,M,2016-01-30,5086000000.0,-45000000.0,2000000.0,25.0,-777000000.0,621000000.0,19.0,1109000000.0,-60000000.0,3000000.0,16496000000.0,134.0,0.0,1477000000.0,1047000000.0,2041000000.0,1678000000.0,0.0,7616000000.0,3897000000.0,39.0,10583000000.0,608000000.0,514000000.0,363000000.0,5506000000.0,0.0,-379000000.0,6995000000.0,0.0,264000000.0,-1137000000.0,1984000000.0,-2029000000.0,-1092000000.0,1072000000.0,353000000.0,1072000000.0,1072000000.0,558000000.0,2039000000.0,8.0,897000000.0,479000000.0,-1043000000.0,0.0,-315000000.0,2123000000.0,-2000000.0,6.0,39.0,4.0,37.0,6334000000.0,-1833000000.0,8256000000.0,642000000.0,0.0,20576000000.0,7652000000.0,5728000000.0,4250000000.0,16326000000.0,20576000000.0,27079000000.0,-1665000000.0,2015.0,3.26,328834355.828
1010,MA,2016-12-31,4873000000.0,-348000000.0,-20000000.0,72.0,-215000000.0,4183000000.0,137.0,8255000000.0,0.0,0.0,0.0,184.0,307000000.0,81000000.0,1233000000.0,5741000000.0,5646000000.0,-50000000.0,733000000.0,1756000000.0,100.0,10776000000.0,1587000000.0,722000000.0,95000000.0,0.0,-752000000.0,748000000.0,5180000000.0,0.0,1972000000.0,974000000.0,4484000000.0,-2293000000.0,-1167000000.0,4059000000.0,59000000.0,4059000000.0,4059000000.0,2509000000.0,5761000000.0,53.0,1929000000.0,850000000.0,-924000000.0,-2000000.0,-200000000.0,524000000.0,-1267000000.0,52.0,100.0,38.0,184.0,19418000000.0,-3474000000.0,4525000000.0,0.0,1614000000.0,18675000000.0,13228000000.0,7206000000.0,5656000000.0,13019000000.0,18675000000.0,10776000000.0,-17021000000.0,,,
1014,MAA,2015-12-31,232159000.0,0.0,186633000.0,12.0,-366923000.0,3627074000.0,,63641000.0,0.0,753000.0,280901000.0,,5232000.0,0.0,278299000.0,474764000.0,352420000.0,0.0,6716555000.0,1607000.0,73.0,761878000.0,1673000.0,0.0,122344000.0,0.0,-96320000.0,3729000.0,3437926000.0,1811000.0,-71707000.0,10906000.0,463721000.0,-316600000.0,-136215000.0,350745000.0,-185936000.0,332287000.0,350745000.0,0.0,288131000.0,28.0,58935000.0,0.0,-1589000.0,0.0,327028000.0,0.0,15801000.0,34.0,12.0,34.0,,-634141000.0,84000.0,53992000.0,11623000.0,0.0,6847781000.0,0.0,0.0,2992097000.0,3855684000.0,6847781000.0,1042779000.0,0.0,2015.0,4.41,79534013.6054
1018,MAC,2015-12-31,1021157000.0,-5117000.0,390020000.0,10.0,-298584000.0,4926630000.0,,127899000.0,0.0,1544000.0,497359000.0,,587283000.0,0.0,462945000.0,684981000.0,473038000.0,0.0,8796912000.0,0.0,61.0,790790000.0,-3223000.0,0.0,211943000.0,0.0,-415436000.0,-3316000.0,5102424000.0,1532552000.0,773515000.0,1603000.0,540377000.0,-437750000.0,-101024000.0,487562000.0,-450939000.0,487562000.0,522912000.0,213930000.0,296448000.0,23.0,0.0,0.0,0.0,0.0,612996000.0,63756000.0,13892000.0,37.0,10.0,38.0,,-212760000.0,-400658000.0,29870000.0,0.0,0.0,11258576000.0,0.0,0.0,4715414000.0,6543162000.0,11258576000.0,1288149000.0,0.0,2015.0,3.08,158299350.649
1022,MAR,2015-12-31,1981000000.0,0.0,56000000.0,24.0,-305000000.0,2821000000.0,3.0,96000000.0,0.0,5000000.0,12363000000.0,43.0,672000000.0,0.0,139000000.0,1422000000.0,1255000000.0,0.0,1029000000.0,943000000.0,15.0,2123000000.0,396000000.0,1451000000.0,167000000.0,0.0,140000000.0,0.0,3807000000.0,380000000.0,325000000.0,-8000000.0,1430000000.0,-1805000000.0,367000000.0,859000000.0,558000000.0,859000000.0,875000000.0,1103000000.0,1350000000.0,9.0,223000000.0,185000000.0,-196000000.0,0.0,532000000.0,2632000000.0,-126000000.0,9.0,35.0,6.0,43.0,4878000000.0,-1877000000.0,634000000.0,300000000.0,0.0,6082000000.0,1384000000.0,3233000000.0,-3590000000.0,9672000000.0,6082000000.0,14486000000.0,-11098000000.0,2015.0,3.22,266770186.335
1026,MAS,2016-12-31,1458000000.0,-120000000.0,6000000.0,165.0,-180000000.0,0.0,68.0,990000000.0,-39000000.0,318000000.0,4901000000.0,201.0,0.0,0.0,159000000.0,1059000000.0,830000000.0,-34000000.0,1060000000.0,832000000.0,33.0,2456000000.0,296000000.0,154000000.0,229000000.0,712000000.0,72000000.0,71000000.0,2995000000.0,0.0,-412000000.0,-478000000.0,726000000.0,-1046000000.0,-124000000.0,491000000.0,77000000.0,491000000.0,534000000.0,917000000.0,1053000000.0,14.0,157000000.0,315000000.0,-235000000.0,-40000000.0,-16000000.0,785000000.0,44000000.0,11.0,279.0,7.0,152.0,-381000000.0,-458000000.0,1403000000.0,2000000.0,0.0,5137000000.0,2934000000.0,1460000000.0,-298000000.0,5435000000.0,5137000000.0,7357000000.0,0.0,,,
1030,MAT,2015-12-31,1328658000.0,-136259000.0,8263000.0,14.0,-254181000.0,1789870000.0,54.0,892814000.0,-74262000.0,441369000.0,2896255000.0,194.0,0.0,0.0,265427000.0,549185000.0,463915000.0,-30676000.0,741147000.0,1384520000.0,49.0,2806358000.0,94499000.0,0.0,85270000.0,587521000.0,-61509000.0,248047000.0,1800000000.0,0.0,16914000.0,-78836000.0,734557000.0,-500222000.0,-282495000.0,369416000.0,60824000.0,369416000.0,369416000.0,1145099000.0,540922000.0,9.0,1230159000.0,571429000.0,-848899000.0,-17058000.0,33195000.0,473863000.0,1364000.0,8.0,18.0,6.0,159.0,3745815000.0,14995000.0,2265436000.0,316914000.0,0.0,6552689000.0,3196863000.0,1645572000.0,2633254000.0,3919435000.0,6552689000.0,5702613000.0,-2494901000.0,2015.0,1.08,342051851.852
1034,MCD,2015-12-31,2950400000.0,-180600000.0,48500000.0,64.0,-1813900000.0,6533400000.0,260.0,7685500000.0,44900000.0,16600000.0,15623800000.0,327.0,0.0,1704300000.0,1555700000.0,6555700000.0,6555700000.0,-246800000.0,23117600000.0,2516300000.0,39.0,9789200000.0,2026400000.0,0.0,0.0,100100000.0,0.0,303600000.0,24122100000.0,792700000.0,9755200000.0,5607600000.0,6539100000.0,735300000.0,-1420000000.0,4529300000.0,286200000.0,4529300000.0,4529300000.0,1298700000.0,7145500000.0,28.0,1869100000.0,558700000.0,-2879800000.0,-58700000.0,393900000.0,2074000000.0,0.0,26.0,92.0,18.0,323.0,44594500000.0,-5782000000.0,2643700000.0,0.0,0.0,37938700000.0,9643000000.0,2950400000.0,7087900000.0,30850800000.0,37938700000.0,25413000000.0,-41176800000.0,2015.0,4.82,939688796.68
1038,MCHP,2016-03-31,198577000.0,-2150000.0,33311000.0,15.0,-97895000.0,1391553000.0,640.0,2092751000.0,48245000.0,204000.0,967870000.0,811.0,14831000.0,399218000.0,344205000.0,385311000.0,281293000.0,0.0,609396000.0,1012652000.0,55.0,1205464000.0,-42632000.0,606349000.0,104018000.0,306815000.0,1234980000.0,-3874000.0,2483037000.0,118549000.0,589372000.0,1484936000.0,744483000.0,-59944000.0,800397000.0,324132000.0,-2525000.0,324132000.0,323787000.0,290183000.0,352345000.0,16.0,109025000.0,53680000.0,-3357000.0,-21720000.0,-336688000.0,152332000.0,36657000.0,13.0,13.0,15.0,730.0,1582585000.0,-335111000.0,301670000.0,0.0,353284000.0,5567515000.0,3096713000.0,382009000.0,2150919000.0,3416596000.0,5567515000.0,2173334000.0,-820066000.0,2016.0,1.59,203856603.77400002
1042,MCK,2016-03-31,32533000000.0,-1957000000.0,58000000.0,25.0,-488000000.0,5845000000.0,12.0,4048000000.0,-1251000000.0,3000000.0,179468000000.0,110.0,0.0,2734000000.0,885000000.0,3603000000.0,3250000000.0,45000000.0,2278000000.0,9786000000.0,6.0,11416000000.0,908000000.0,3021000000.0,353000000.0,15335000000.0,0.0,3104000000.0,6535000000.0,0.0,-1725000000.0,-1293000000.0,3672000000.0,-3453000000.0,-1557000000.0,2258000000.0,444000000.0,2258000000.0,2342000000.0,17980000000.0,3545000000.0,2.0,3041000000.0,1074000000.0,-1563000000.0,5000000.0,-1069000000.0,1809000000.0,137000000.0,2.0,36.0,1.0,66.0,8360000000.0,-1489000000.0,7276000000.0,1619000000.0,0.0,56563000000.0,38437000000.0,35071000000.0,8924000000.0,47639000000.0,56563000000.0,190884000000.0,-3721000000.0,2016.0,9.82,229938900.20400003
1046,MCO,2015-12-31,583300000.0,-25400000.0,21300000.0,167.0,-89000000.0,451300000.0,183.0,1757400000.0,0.0,3400000.0,976300000.0,266.0,137700000.0,216300000.0,113500000.0,1494700000.0,1379600000.0,-62700000.0,306400000.0,976300000.0,72.0,2508200000.0,430000000.0,299100000.0,115100000.0,0.0,4600000.0,103500000.0,3401000000.0,0.0,852800000.0,537900000.0,1153600000.0,-461000000.0,-92000000.0,941300000.0,54400000.0,941300000.0,941300000.0,831300000.0,1473400000.0,42.0,160800000.0,179600000.0,-339500000.0,-1500000.0,-7600000.0,620600000.0,-42000000.0,40.0,244.0,27.0,266.0,6709000000.0,-1068400000.0,921300000.0,0.0,474800000.0,5123400000.0,3243100000.0,1218500000.0,-565000000.0,5688400000.0,5123400000.0,3484500000.0,-7389200000.0,2015.0,4.7,200276595.745
1050,MDLZ,2015-12-31,7368000000.0,44000000.0,6044000000.0,26.0,-1514000000.0,31760000000.0,17.0,1870000000.0,-49000000.0,0.0,18124000000.0,82.0,0.0,4750000000.0,894000000.0,8897000000.0,7884000000.0,-255000000.0,8362000000.0,20664000000.0,39.0,11512000000.0,593000000.0,18768000000.0,1013000000.0,2609000000.0,-544000000.0,600000000.0,14557000000.0,5387000000.0,-1379000000.0,239000000.0,3728000000.0,-5883000000.0,2649000000.0,7267000000.0,-5080000000.0,7267000000.0,7291000000.0,3846000000.0,8897000000.0,30.0,704000000.0,633000000.0,-9986000000.0,126000000.0,4707000000.0,4514000000.0,28000000.0,27.0,28.0,25.0,58.0,20700000000.0,-3622000000.0,7577000000.0,841000000.0,0.0,62843000000.0,8958000000.0,10922000000.0,28012000000.0,34831000000.0,62843000000.0,29636000000.0,-14462000000.0,2015.0,4.49,1618485523.39
1054,MET,2015-12-31,0.0,-699000000.0,0.0,8.0,0.0,30749000000.0,,12752000000.0,0.0,12000000.0,38714000000.0,,24130000000.0,10592000000.0,-448000000.0,7470000000.0,7470000000.0,-492000000.0,0.0,9477000000.0,45.0,31237000000.0,2148000000.0,0.0,0.0,0.0,-10339000000.0,7500000000.0,54994000000.0,490148000000.0,3999000000.0,1944000000.0,14129000000.0,-1295000000.0,-10398000000.0,5310000000.0,-2226000000.0,5152000000.0,5322000000.0,22863000000.0,7470000000.0,11.0,309264000000.0,0.0,4771000000.0,-1576000000.0,-59000000.0,743851000000.0,4232000000.0,11.0,11.0,8.0,,35519000000.0,-1949000000.0,6998000000.0,100000000.0,9299000000.0,877933000000.0,0.0,0.0,67949000000.0,809984000000.0,877933000000.0,69951000000.0,-3102000000.0,2015.0,4.61,1151843817.79
1058,MHK,2015-12-31,1256025000.0,-14383000.0,-17619000.0,13.0,-503657000.0,1760016000.0,3.0,81692000.0,6400000.0,813000.0,5660877000.0,100.0,315368000.0,388130000.0,362647000.0,819947000.0,748861000.0,-17917000.0,3147118000.0,2293365000.0,30.0,2410686000.0,131875000.0,936541000.0,71086000.0,1607256000.0,0.0,-23725000.0,1196928000.0,0.0,960659000.0,-16185000.0,911873000.0,964083000.0,-1874224000.0,615302000.0,39761000.0,615302000.0,616986000.0,1257505000.0,837566000.0,10.0,0.0,303519000.0,-793568000.0,10533000.0,-1370567000.0,215463000.0,-75813000.0,9.0,15.0,8.0,50.0,4102707000.0,0.0,1573120000.0,2003003000.0,0.0,9942364000.0,3249972000.0,3259028000.0,4854173000.0,5088191000.0,9942364000.0,8071563000.0,-215795000.0,2015.0,2.59,237568339.768
1062,MJN,2015-12-31,1214800000.0,10400000.0,-39000000.0,103.0,-173700000.0,-564200000.0,136.0,1701400000.0,25800000.0,1900000.0,1455300000.0,208.0,118500000.0,8700000.0,99100000.0,936200000.0,871200000.0,-46200000.0,964000000.0,126000000.0,64.0,2616000000.0,215900000.0,54900000.0,65000000.0,484900000.0,0.0,2700000.0,2981000000.0,0.0,1463600000.0,403700000.0,909900000.0,-286800000.0,-173200000.0,653500000.0,77800000.0,653500000.0,653500000.0,355700000.0,975200000.0,24.0,132300000.0,60400000.0,-347800000.0,-5900000.0,500000.0,347600000.0,38800000.0,21.0,138.0,16.0,169.0,640400000.0,-1437000000.0,1532400000.0,3000000.0,0.0,3998100000.0,2602400000.0,1253300000.0,-632300000.0,4630400000.0,3998100000.0,4071300000.0,-362600000.0,2015.0,3.28,199237804.878
1066,MKC,2016-11-30,1029500000.0,16400000.0,4200000.0,29.0,-153800000.0,0.0,8.0,118400000.0,-39000000.0,1084200000.0,2579800000.0,100.0,0.0,0.0,108700000.0,645200000.0,589200000.0,-13700000.0,669400000.0,1771400000.0,42.0,1831700000.0,153000000.0,424900000.0,56000000.0,756300000.0,4200000.0,47000000.0,1054000000.0,348400000.0,55700000.0,5800000.0,658100000.0,-371500000.0,-267100000.0,472300000.0,-41800000.0,472300000.0,472300000.0,465200000.0,641000000.0,15.0,0.0,81900000.0,-514400000.0,0.0,-117500000.0,521100000.0,94500000.0,13.0,36.0,11.0,47.0,1056800000.0,-209400000.0,1175000000.0,393200000.0,0.0,4635900000.0,1421800000.0,1422700000.0,1626600000.0,3009300000.0,4635900000.0,4411500000.0,0.0,,,
1070,MLM,2015-12-31,266606000.0,12309000.0,10672000.0,7.0,-318232000.0,3287827000.0,46.0,168409000.0,-21525000.0,643000.0,2817803000.0,295.0,0.0,583459000.0,263587000.0,490088000.0,413801000.0,0.0,3156000000.0,2068235000.0,20.0,721767000.0,124863000.0,510552000.0,76287000.0,469141000.0,1808000.0,-40053000.0,1553649000.0,0.0,-11268000.0,59758000.0,573151000.0,-601939000.0,88546000.0,288792000.0,106935000.0,288792000.0,288938000.0,410921000.0,479416000.0,14.0,144777000.0,33697000.0,-105622000.0,0.0,404970000.0,397256000.0,-37040000.0,12.0,10.0,8.0,167.0,874436000.0,-482884000.0,233887000.0,19246000.0,0.0,6961732000.0,1082168000.0,367191000.0,4057284000.0,2904448000.0,6961732000.0,3539570000.0,0.0,2015.0,4.31,67005104.4084
1074,MMC,2015-12-31,3696000000.0,-52000000.0,51000000.0,25.0,-325000000.0,861000000.0,,1374000000.0,0.0,561000000.0,0.0,,1138000000.0,0.0,423000000.0,2470000000.0,2307000000.0,-301000000.0,773000000.0,7889000000.0,100.0,12893000000.0,671000000.0,1036000000.0,163000000.0,0.0,-65000000.0,-408000000.0,4414000000.0,0.0,1030000000.0,-584000000.0,1888000000.0,-906000000.0,-1265000000.0,1599000000.0,226000000.0,1599000000.0,1636000000.0,3471000000.0,2419000000.0,19.0,2535000000.0,0.0,-4220000000.0,-49000000.0,-875000000.0,3504000000.0,63000000.0,18.0,35.0,12.0,,11302000000.0,-1225000000.0,7334000000.0,12000000.0,0.0,18216000000.0,0.0,0.0,6513000000.0,11703000000.0,18216000000.0,12893000000.0,-1991000000.0,2015.0,3.01,531229235.88
1078,MMM,2016-12-31,2775000000.0,-313000000.0,29000000.0,49.0,-1420000000.0,5061000000.0,43.0,2398000000.0,57000000.0,9000000.0,15040000000.0,189.0,0.0,0.0,1474000000.0,7252000000.0,7053000000.0,-33000000.0,8516000000.0,9166000000.0,50.0,15069000000.0,1995000000.0,2320000000.0,199000000.0,3385000000.0,-163000000.0,249000000.0,10678000000.0,145000000.0,1043000000.0,600000000.0,6662000000.0,-4626000000.0,-1403000000.0,5050000000.0,173000000.0,5050000000.0,5050000000.0,4392000000.0,7223000000.0,24.0,1033000000.0,1271000000.0,-7245000000.0,-42000000.0,180000000.0,5666000000.0,-36000000.0,23.0,68.0,17.0,134.0,37907000000.0,-2949000000.0,6111000000.0,972000000.0,280000000.0,32906000000.0,11726000000.0,6219000000.0,10298000000.0,22608000000.0,32906000000.0,30109000000.0,-25434000000.0,,,
1082,MNST,2015-12-31,481918000.0,-76731000.0,159365000.0,11.0,-35605000.0,3991857000.0,568.0,2175417000.0,-7068000.0,1035000.0,1090263000.0,697.0,261310000.0,351590000.0,30860000.0,891548000.0,891548000.0,-5306000.0,97354000.0,1279715000.0,60.0,1632301000.0,344815000.0,427986000.0,0.0,156121000.0,64365000.0,463703000.0,0.0,15348000.0,-1083000.0,1805094000.0,207986000.0,1202348000.0,400066000.0,546733000.0,-745719000.0,546733000.0,546733000.0,477955000.0,893653000.0,33.0,10874000.0,28499000.0,-21878000.0,0.0,173298000.0,0.0,-3792000.0,33.0,19.0,20.0,666.0,1394863000.0,888694000.0,0.0,0.0,744610000.0,5675189000.0,3582602000.0,514189000.0,4809410000.0,865779000.0,5675189000.0,2722564000.0,-556467000.0,2015.0,,
1086,MO,2015-12-31,7074000000.0,3000000.0,-223000000.0,182.0,-229000000.0,5813000000.0,33.0,2369000000.0,-33000000.0,935000000.0,14320000000.0,86.0,0.0,5663000000.0,225000000.0,8895000000.0,8078000000.0,0.0,1982000000.0,5285000000.0,44.0,11114000000.0,2835000000.0,12028000000.0,817000000.0,2031000000.0,-132000000.0,356000000.0,12915000000.0,6722000000.0,-1793000000.0,-952000000.0,5810000000.0,-6747000000.0,-15000000.0,5241000000.0,-166000000.0,5241000000.0,5770000000.0,1299000000.0,8361000000.0,33.0,432000000.0,387000000.0,-3280000000.0,-221000000.0,346000000.0,3969000000.0,182000000.0,32.0,280.0,21.0,57.0,27257000000.0,-554000000.0,2749000000.0,4000000.0,0.0,32535000000.0,6086000000.0,7078000000.0,2880000000.0,29655000000.0,32535000000.0,25434000000.0,-27845000000.0,2015.0,2.67,1962921348.31
1090,MON,2016-08-31,4224000000.0,-498000000.0,52000000.0,29.0,-923000000.0,11626000000.0,26.0,1676000000.0,181000000.0,6000000.0,6485000000.0,121.0,613000000.0,103000000.0,727000000.0,2427000000.0,1991000000.0,-7000000.0,5231000000.0,4020000000.0,52.0,7017000000.0,695000000.0,1125000000.0,436000000.0,3241000000.0,130000000.0,312000000.0,7453000000.0,101000000.0,156000000.0,-2025000000.0,2588000000.0,-3742000000.0,-864000000.0,1336000000.0,506000000.0,1336000000.0,1319000000.0,2681000000.0,2375000000.0,18.0,489000000.0,499000000.0,-2808000000.0,-24000000.0,-71000000.0,906000000.0,47000000.0,15.0,44.0,10.0,73.0,10763000000.0,-2920000000.0,2833000000.0,1710000000.0,60000000.0,19736000000.0,8157000000.0,6729000000.0,4534000000.0,15202000000.0,19736000000.0,13502000000.0,-15053000000.0,2016.0,3.02,442384105.96
1094,MOS,2016-12-31,1437900000.0,3500000.0,35800000.0,3.0,-843100000.0,29900000.0,46.0,673100000.0,263000000.0,3500000.0,6352800000.0,207.0,836400000.0,1009200000.0,751600000.0,354800000.0,242400000.0,68800000.0,9198500000.0,1630900000.0,11.0,810000000.0,-74200000.0,0.0,112400000.0,1391100000.0,-1043100000.0,-198000000.0,3779300000.0,1063100000.0,-73400000.0,-603200000.0,1266100000.0,-888600000.0,-1049500000.0,297800000.0,-100900000.0,297800000.0,297800000.0,627800000.0,319000000.0,4.0,1054100000.0,365700000.0,-1312200000.0,-355100000.0,836700000.0,952900000.0,245700000.0,3.0,3.0,4.0,113.0,10863400000.0,-75000000.0,491000000.0,38900000.0,0.0,16840700000.0,3057700000.0,1476800000.0,9584600000.0,7256100000.0,16840700000.0,7162800000.0,0.0,,,
1098,MPC,2015-12-31,5890000000.0,1292000000.0,119000000.0,22.0,-1998000000.0,11071000000.0,18.0,1127000000.0,80000000.0,7000000.0,55891000000.0,149.0,0.0,4020000000.0,1646000000.0,4374000000.0,4374000000.0,0.0,25164000000.0,4019000000.0,22.0,16160000000.0,1506000000.0,0.0,0.0,5225000000.0,-1545000000.0,-2400000000.0,11896000000.0,3622000000.0,746000000.0,-367000000.0,4061000000.0,-987000000.0,-3441000000.0,2852000000.0,606000000.0,2852000000.0,2940000000.0,2927000000.0,4485000000.0,6.0,839000000.0,192000000.0,-318000000.0,-148000000.0,102000000.0,1179000000.0,-31000000.0,6.0,33.0,4.0,67.0,9752000000.0,-932000000.0,10029000000.0,29000000.0,0.0,43115000000.0,9471000000.0,6345000000.0,13237000000.0,29878000000.0,43115000000.0,72051000000.0,-7275000000.0,2015.0,5.29,539130434.783
1102,MRK,2015-12-31,16618000000.0,-480000000.0,-1527000000.0,10.0,-1283000000.0,40222000000.0,70.0,8524000000.0,805000000.0,1788000000.0,14934000000.0,155.0,0.0,6535000000.0,6375000000.0,5401000000.0,5401000000.0,-1310000000.0,12507000000.0,17723000000.0,62.0,24564000000.0,942000000.0,22602000000.0,0.0,4700000000.0,3871000000.0,-588000000.0,23929000000.0,13039000000.0,3492000000.0,1083000000.0,12421000000.0,-5270000000.0,-4758000000.0,4442000000.0,1855000000.0,4442000000.0,4442000000.0,6484000000.0,6928000000.0,18.0,6144000000.0,5153000000.0,-4148000000.0,56000000.0,-7346000000.0,7345000000.0,-5000000.0,14.0,12.0,11.0,131.0,45348000000.0,-3701000000.0,10313000000.0,2585000000.0,4903000000.0,101779000000.0,29764000000.0,19203000000.0,44676000000.0,57103000000.0,101779000000.0,39498000000.0,-38534000000.0,2015.0,1.58,2811392405.06
1106,MRO,2015-12-31,1578000000.0,817000000.0,194000000.0,12.0,-3476000000.0,6498000000.0,71.0,1221000000.0,36000000.0,770000000.0,1694000000.0,150.0,0.0,2749000000.0,2957000000.0,-2958000000.0,-2958000000.0,-2000000.0,27061000000.0,115000000.0,69.0,3828000000.0,-754000000.0,0.0,0.0,313000000.0,77000000.0,-965000000.0,7276000000.0,1003000000.0,908000000.0,-1177000000.0,1565000000.0,462000000.0,-3202000000.0,-2204000000.0,1074000000.0,-2204000000.0,-2204000000.0,912000000.0,-3030000000.0,55.0,1542000000.0,144000000.0,-135000000.0,14000000.0,197000000.0,2004000000.0,-150000000.0,54.0,16.0,40.0,132.0,14974000000.0,0.0,1831000000.0,1000000.0,0.0,32311000000.0,2590000000.0,1729000000.0,18553000000.0,13758000000.0,32311000000.0,5522000000.0,-3554000000.0,2015.0,-3.26,676073619.632
1110,MSFT,2016-06-30,13036000000.0,-530000000.0,-431000000.0,23.0,-8343000000.0,0.0,191.0,6510000000.0,600000000.0,68178000000.0,32780000000.0,235.0,0.0,7917000000.0,6622000000.0,19751000000.0,19751000000.0,-67000000.0,18356000000.0,17872000000.0,62.0,52540000000.0,2953000000.0,3733000000.0,0.0,2251000000.0,-14417000000.0,-938000000.0,40783000000.0,10431000000.0,18283000000.0,915000000.0,33325000000.0,-8393000000.0,-23950000000.0,16798000000.0,11981000000.0,16798000000.0,16798000000.0,18277000000.0,20182000000.0,24.0,3642000000.0,5892000000.0,1537000000.0,-369000000.0,-1190000000.0,13640000000.0,-1208000000.0,23.0,27.0,20.0,231.0,2282000000.0,-15301000000.0,19260000000.0,12904000000.0,106730000000.0,193694000000.0,139660000000.0,59357000000.0,71997000000.0,121697000000.0,193694000000.0,85320000000.0,0.0,2016.0,2.12,7923584905.66
1114,MTB,2015-12-31,1870714000.0,0.0,0.0,7.0,-81936000.0,6680768000.0,,24892612000.0,0.0,79782000.0,73814000.0,,0.0,0.0,175349000.0,1929135000.0,1674692000.0,0.0,666682000.0,4593112000.0,0.0,0.0,595025000.0,140268000.0,254443000.0,0.0,9717938000.0,-46338000.0,0.0,102463729000.0,-9579879000.0,-5317000.0,1742408000.0,-9462007000.0,7714282000.0,1079667000.0,499539000.0,1079667000.0,1065400000.0,5961703000.0,0.0,0.0,0.0,0.0,-249263000.0,574159000.0,-1921720000.0,0.0,-289139000.0,34.0,10.0,22.0,,8430502000.0,0.0,2796508000.0,2132182000.0,0.0,122787884000.0,0.0,0.0,16173289000.0,106614595000.0,122787884000.0,4995881000.0,0.0,2015.0,7.22,149538365.651
1118,MTD,2016-12-31,468211000.0,-52151000.0,-8491000.0,88.0,-123957000.0,730556000.0,27.0,158674000.0,-12431000.0,448000.0,1072670000.0,153.0,33951000.0,64306000.0,68795000.0,532219000.0,504193000.0,-5910000.0,563707000.0,476378000.0,57.0,1435587000.0,119823000.0,167055000.0,28026000.0,222047000.0,3459000.0,46330000.0,875056000.0,0.0,311596000.0,59787000.0,443078000.0,-145925000.0,-231456000.0,384370000.0,7874000.0,384370000.0,384370000.0,454988000.0,540710000.0,22.0,28902000.0,61075000.0,-354998000.0,-471000.0,-110958000.0,204957000.0,291000.0,20.0,116.0,15.0,115.0,3065708000.0,-474521000.0,732622000.0,18974000.0,0.0,2166777000.0,896784000.0,587515000.0,434943000.0,1731834000.0,2166777000.0,2508257000.0,-3006771000.0,,,
1122,MU,2016-09-01,3879000000.0,465000000.0,-12000000.0,2.0,-5817000000.0,7736000000.0,91.0,4140000000.0,-549000000.0,109000000.0,9894000000.0,196.0,657000000.0,0.0,3106000000.0,156000000.0,-281000000.0,8000000.0,14686000000.0,0.0,20.0,2505000000.0,19000000.0,464000000.0,437000000.0,2889000000.0,2847000000.0,209000000.0,9154000000.0,1778000000.0,1329000000.0,1853000000.0,3168000000.0,1745000000.0,-3068000000.0,-276000000.0,-13000000.0,-276000000.0,-276000000.0,2068000000.0,168000000.0,1.0,460000000.0,140000000.0,-35000000.0,571000000.0,-98000000.0,623000000.0,225000000.0,2.0,2.0,2.0,137.0,5299000000.0,-155000000.0,653000000.0,756000000.0,258000000.0,27540000000.0,9495000000.0,4835000000.0,12080000000.0,15460000000.0,27540000000.0,12399000000.0,-1029000000.0,2016.0,-0.27,1022222222.22
1126,MUR,2015-12-31,1648451000.0,0.0,167330000.0,43.0,-2549736000.0,910074000.0,27.0,283183000.0,0.0,195056000.0,832306000.0,86.0,227031000.0,678387000.0,1751097000.0,-3164887000.0,-3282262000.0,10294000.0,9818365000.0,0.0,70.0,1954810000.0,-1026490000.0,0.0,117375000.0,166788000.0,217352000.0,0.0,3040594000.0,0.0,139566000.0,-910125000.0,1183369000.0,-364561000.0,-1922121000.0,-2270833000.0,1672877000.0,-2270833000.0,-2255772000.0,573855000.0,-3332217000.0,120.0,0.0,251302000.0,-704542000.0,-9129000.0,410263000.0,793474000.0,213122000.0,118.0,62.0,81.0,77.0,6212201000.0,-250000000.0,372457000.0,18881000.0,173288000.0,11493812000.0,1448416000.0,1674629000.0,5306728000.0,6187084000.0,11493812000.0,2787116000.0,-1306061000.0,2015.0,-13.03,174277283.193
1128,MYL,2015-12-31,1202000000.0,-265300000.0,-206100000.0,9.0,-362900000.0,7128600000.0,30.0,1236000000.0,-320400000.0,5500000.0,5213200000.0,157.0,457600000.0,718100000.0,1032100000.0,1254800000.0,915400000.0,-33100000.0,1983900000.0,5380100000.0,45.0,4216100000.0,67700000.0,7221900000.0,339400000.0,1951000000.0,-29000000.0,-32400000.0,6295600000.0,0.0,696700000.0,1010500000.0,2008500000.0,604800000.0,-1569700000.0,847600000.0,791000000.0,847600000.0,847600000.0,2689100000.0,1460900000.0,15.0,751500000.0,596600000.0,-1764300000.0,20000000.0,-1177800000.0,1366000000.0,-44200000.0,10.0,9.0,9.0,110.0,4462100000.0,18500000.0,2180700000.0,1078300000.0,0.0,22267700000.0,6472700000.0,4122200000.0,9764400000.0,12503300000.0,22267700000.0,9429300000.0,-67500000.0,,,
1131,NAVI,2015-12-31,0.0,175000000.0,0.0,25.0,0.0,2967000000.0,,2095000000.0,0.0,4000000.0,0.0,,0.0,0.0,12000000.0,3674000000.0,1600000000.0,0.0,0.0,0.0,0.0,0.0,604000000.0,705000000.0,0.0,0.0,10677000000.0,-181000000.0,0.0,127131000000.0,-11015000000.0,151000000.0,1910000000.0,-12445000000.0,10686000000.0,997000000.0,-204000000.0,997000000.0,996000000.0,0.0,0.0,0.0,4682000000.0,0.0,-51000000.0,-245000000.0,9000000.0,2710000000.0,1111000000.0,31.0,40.0,19.0,,2480000000.0,-945000000.0,918000000.0,2570000000.0,0.0,134112000000.0,0.0,0.0,3975000000.0,130137000000.0,134112000000.0,5197000000.0,-1425000000.0,2015.0,2.66,374812030.075
1135,NBL,2016-12-31,736000000.0,-164000000.0,-148000000.0,11.0,-1541000000.0,6450000000.0,80.0,1180000000.0,0.0,5000000.0,1083000000.0,132.0,0.0,1819000000.0,2454000000.0,-1444000000.0,-1772000000.0,0.0,18548000000.0,0.0,69.0,2408000000.0,-787000000.0,0.0,328000000.0,0.0,1303000000.0,-206000000.0,7011000000.0,0.0,-886000000.0,152000000.0,1351000000.0,-768000000.0,-431000000.0,-998000000.0,-227000000.0,-998000000.0,-896000000.0,615000000.0,-1296000000.0,37.0,508000000.0,160000000.0,-31000000.0,-9000000.0,-193000000.0,1103000000.0,-90000000.0,51.0,19.0,29.0,132.0,3556000000.0,299000000.0,233000000.0,0.0,0.0,21011000000.0,1955000000.0,1478000000.0,9288000000.0,11723000000.0,21011000000.0,3491000000.0,-692000000.0,,,
1139,NDAQ,2015-12-31,427000000.0,55000000.0,4000000.0,8.0,-133000000.0,3011000000.0,,357000000.0,0.0,2000000.0,1313000000.0,,643000000.0,626000000.0,138000000.0,741000000.0,630000000.0,-8000000.0,323000000.0,5395000000.0,60.0,1979000000.0,203000000.0,1959000000.0,111000000.0,0.0,-66000000.0,-20000000.0,2364000000.0,201000000.0,137000000.0,-126000000.0,685000000.0,-362000000.0,-441000000.0,428000000.0,135000000.0,428000000.0,445000000.0,316000000.0,609000000.0,18.0,2667000000.0,0.0,-864000000.0,32000000.0,-226000000.0,607000000.0,-50000000.0,19.0,11.0,13.0,,3571000000.0,-382000000.0,1050000000.0,0.0,0.0,11861000000.0,0.0,0.0,5609000000.0,6252000000.0,11861000000.0,3292000000.0,-111000000.0,2015.0,2.56,167187500.0
1143,NEE,2015-12-31,3899000000.0,90000000.0,462000000.0,12.0,-3511000000.0,8596000000.0,6.0,571000000.0,17000000.0,5000000.0,8596000000.0,67.0,0.0,13499000000.0,3203000000.0,5201000000.0,3990000000.0,0.0,61386000000.0,0.0,51.0,8890000000.0,1228000000.0,0.0,1211000000.0,1259000000.0,-4239000000.0,-140000000.0,26681000000.0,2988000000.0,1444000000.0,-6000000.0,6116000000.0,1883000000.0,-8005000000.0,2752000000.0,243000000.0,2752000000.0,2762000000.0,2265000000.0,4632000000.0,26.0,11310000000.0,2700000000.0,-167000000.0,-143000000.0,-255000000.0,9080000000.0,-59000000.0,23.0,18.0,16.0,55.0,14140000000.0,1967000000.0,1399000000.0,3888000000.0,0.0,82479000000.0,6795000000.0,10107000000.0,22574000000.0,59905000000.0,82479000000.0,17486000000.0,0.0,2015.0,6.11,450409165.30300003
1147,NEM,2015-12-31,727000000.0,0.0,128000000.0,2.0,-1401000000.0,9427000000.0,198.0,2782000000.0,0.0,847000000.0,4312000000.0,352.0,1718000000.0,840000000.0,1239000000.0,1291000000.0,966000000.0,-21000000.0,17303000000.0,0.0,44.0,3417000000.0,644000000.0,0.0,325000000.0,1606000000.0,29000000.0,0.0,6087000000.0,402000000.0,-462000000.0,379000000.0,2145000000.0,296000000.0,-2041000000.0,220000000.0,950000000.0,220000000.0,277000000.0,445000000.0,1163000000.0,15.0,776000000.0,131000000.0,-334000000.0,0.0,-669000000.0,2547000000.0,-336000000.0,12.0,9.0,3.0,238.0,1410000000.0,813000000.0,670000000.0,149000000.0,19000000.0,25182000000.0,4983000000.0,1416000000.0,11350000000.0,13832000000.0,25182000000.0,7729000000.0,0.0,2015.0,0.43,511627906.977
1151,NFLX,2016-12-31,510474000.0,0.0,30828000.0,7.0,-107653000.0,0.0,38.0,1467576000.0,0.0,1599762000.0,6029901000.0,125.0,0.0,0.0,4924978000.0,410621000.0,260507000.0,-9165000.0,250395000.0,0.0,32.0,2800768000.0,73829000.0,7274501000.0,150114000.0,0.0,235536000.0,197704000.0,3364311000.0,0.0,1000000000.0,-341754000.0,-1473984000.0,1091630000.0,49765000.0,186678000.0,-6778020000.0,186678000.0,186678000.0,0.0,379793000.0,4.0,341423000.0,3986509000.0,-48565000.0,230000.0,-78118000.0,2955842000.0,-5324000.0,3.0,10.0,2.0,125.0,1128603000.0,26279000.0,1568877000.0,0.0,266206000.0,13586610000.0,5720291000.0,4586657000.0,2679800000.0,10906810000.0,13586610000.0,8830669000.0,0.0,,,
1155,NFX,2015-12-31,632000000.0,83000000.0,245000000.0,244.0,-1745000000.0,2436000000.0,1.0,5000000.0,-2000000.0,2000000.0,497000000.0,97.0,0.0,35000000.0,917000000.0,-4816000000.0,-4947000000.0,0.0,3991000000.0,0.0,68.0,1060000000.0,-1585000000.0,0.0,131000000.0,34000000.0,0.0,-18000000.0,2467000000.0,125000000.0,-424000000.0,-9000000.0,1209000000.0,380000000.0,-1598000000.0,-3362000000.0,3616000000.0,-3362000000.0,-3362000000.0,262000000.0,-5061000000.0,325.0,27000000.0,324000000.0,-2000000.0,-3000000.0,90000000.0,240000000.0,-25000000.0,318.0,359.0,216.0,91.0,-1035000000.0,807000000.0,5204000000.0,13000000.0,0.0,4768000000.0,625000000.0,647000000.0,1379000000.0,3389000000.0,4768000000.0,1557000000.0,-22000000.0,2015.0,-21.18,158734655.335
1159,NKE,2016-05-31,5313000000.0,60000000.0,140000000.0,31.0,-1143000000.0,7786000000.0,102.0,3138000000.0,-590000000.0,3000000.0,17405000000.0,280.0,2439000000.0,1770000000.0,662000000.0,4623000000.0,4623000000.0,-105000000.0,3520000000.0,131000000.0,46.0,14971000000.0,863000000.0,281000000.0,0.0,4838000000.0,93000000.0,-889000000.0,2010000000.0,0.0,868000000.0,-714000000.0,3096000000.0,-2671000000.0,-1034000000.0,3760000000.0,254000000.0,3760000000.0,3760000000.0,3241000000.0,4502000000.0,14.0,0.0,1489000000.0,318000000.0,0.0,16000000.0,0.0,-161000000.0,14.0,38.0,12.0,190.0,4151000000.0,-2731000000.0,10469000000.0,45000000.0,2319000000.0,21396000000.0,15025000000.0,5358000000.0,12258000000.0,9138000000.0,21396000000.0,32376000000.0,0.0,2016.0,2.21,1701357466.06
1163,NLSN,2016-12-31,1109000000.0,53000000.0,6000000.0,12.0,-109000000.0,4825000000.0,47.0,754000000.0,0.0,32000000.0,2607000000.0,139.0,127000000.0,1175000000.0,603000000.0,1149000000.0,816000000.0,-9000000.0,471000000.0,7845000000.0,59.0,3702000000.0,309000000.0,4736000000.0,333000000.0,0.0,34000000.0,7000000.0,7738000000.0,0.0,537000000.0,397000000.0,1296000000.0,-248000000.0,-642000000.0,502000000.0,122000000.0,502000000.0,502000000.0,1171000000.0,1143000000.0,18.0,329000000.0,297000000.0,-1211000000.0,-14000000.0,-567000000.0,930000000.0,4000000.0,13.0,20.0,8.0,139.0,456000000.0,-337000000.0,1851000000.0,188000000.0,0.0,15730000000.0,2222000000.0,1594000000.0,4102000000.0,11628000000.0,15730000000.0,6309000000.0,0.0,,,
1167,NOV,2015-12-31,4247000000.0,1639000000.0,-109000000.0,5.0,-453000000.0,8005000000.0,49.0,2080000000.0,410000000.0,4000000.0,11694000000.0,278.0,488000000.0,1805000000.0,747000000.0,-486000000.0,-589000000.0,-111000000.0,3124000000.0,6980000000.0,21.0,3063000000.0,178000000.0,3849000000.0,103000000.0,4678000000.0,0.0,-2560000000.0,3928000000.0,327000000.0,762000000.0,-1456000000.0,1332000000.0,-2163000000.0,-514000000.0,-769000000.0,1818000000.0,-769000000.0,-767000000.0,4552000000.0,-390000000.0,3.0,156000000.0,491000000.0,-1553000000.0,0.0,-61000000.0,283000000.0,45000000.0,4.0,4.0,5.0,168.0,9927000000.0,-2214000000.0,1764000000.0,2000000.0,0.0,26725000000.0,11801000000.0,4249000000.0,16383000000.0,10342000000.0,26725000000.0,14757000000.0,0.0,2015.0,-1.99,386432160.804
1171,NSC,2016-12-31,1460000000.0,23000000.0,71000000.0,13.0,-1887000000.0,2179000000.0,41.0,956000000.0,42000000.0,292000000.0,3045000000.0,98.0,0.0,9140000000.0,1030000000.0,3145000000.0,2582000000.0,0.0,29751000000.0,0.0,69.0,6843000000.0,914000000.0,0.0,563000000.0,257000000.0,-75000000.0,158000000.0,9562000000.0,2777000000.0,94000000.0,-145000000.0,3034000000.0,-1347000000.0,-1832000000.0,1668000000.0,181000000.0,1668000000.0,1668000000.0,945000000.0,3074000000.0,31.0,73000000.0,133000000.0,-487000000.0,0.0,130000000.0,1442000000.0,-68000000.0,26.0,21.0,17.0,87.0,10425000000.0,-746000000.0,2743000000.0,650000000.0,0.0,34892000000.0,2291000000.0,2339000000.0,12409000000.0,22483000000.0,34892000000.0,9888000000.0,0.0,,,
1175,NTAP,2016-04-29,1019000000.0,-16000000.0,48000000.0,8.0,-160000000.0,0.0,145.0,2868000000.0,49000000.0,2912000000.0,2173000000.0,176.0,0.0,1591000000.0,279000000.0,345000000.0,345000000.0,-4000000.0,937000000.0,1676000000.0,61.0,3373000000.0,116000000.0,180000000.0,0.0,98000000.0,982000000.0,163000000.0,1490000000.0,0.0,850000000.0,946000000.0,974000000.0,-109000000.0,85000000.0,229000000.0,166000000.0,229000000.0,229000000.0,813000000.0,348000000.0,6.0,796000000.0,234000000.0,-31000000.0,136000000.0,-737000000.0,413000000.0,104000000.0,6.0,12.0,4.0,173.0,0.0,-890000000.0,2099000000.0,849000000.0,2435000000.0,10037000000.0,6448000000.0,3662000000.0,2881000000.0,7156000000.0,10037000000.0,5546000000.0,0.0,2016.0,0.78,293589743.59
1179,NTRS,2015-12-31,0.0,-16200000.0,0.0,11.0,-98500000.0,1072300000.0,,76167800000.0,0.0,408600000.0,0.0,,0.0,0.0,404900000.0,1618900000.0,1465000000.0,-73800000.0,446900000.0,526400000.0,0.0,0.0,491200000.0,0.0,0.0,0.0,-7242100000.0,198600000.0,0.0,70554500000.0,1161900000.0,3394000000.0,1834400000.0,8534100000.0,-6900700000.0,973800000.0,-63800000.0,950400000.0,973800000.0,2157000000.0,0.0,0.0,4464400000.0,0.0,-372700000.0,8123500000.0,439900000.0,3352900000.0,543900000.0,30.0,17.0,20.0,,8242800000.0,-402900000.0,3280600000.0,4953200000.0,0.0,116749600000.0,0.0,0.0,8705900000.0,108043700000.0,116749600000.0,4856500000.0,-1033600000.0,2015.0,4.03,241637717.122
1183,NUE,2015-12-31,1333858000.0,655489000.0,0.0,5.0,-374123000.0,1918970000.0,147.0,1939469000.0,593830000.0,151426000.0,14858014000.0,415.0,0.0,718613000.0,700017000.0,877440000.0,703909000.0,-10271000.0,4891153000.0,2011278000.0,10.0,1581262000.0,213154000.0,770672000.0,173531000.0,2145444000.0,-475000.0,-432399000.0,4360600000.0,0.0,-172116000.0,915325000.0,2157043000.0,-789751000.0,-441696000.0,357659000.0,217912000.0,357659000.0,357659000.0,1383823000.0,877440000.0,5.0,822916000.0,185644000.0,-351362000.0,-2184000.0,-67098000.0,0.0,-73890000.0,4.0,9.0,2.0,261.0,7255972000.0,-66081000.0,458989000.0,51315000.0,100000000.0,14250399000.0,5754380000.0,1385173000.0,7416878000.0,6833521000.0,14250399000.0,16439276000.0,-1558128000.0,2015.0,1.11,322215315.315
1187,NVDA,2016-01-31,938000000.0,-32000000.0,43000000.0,14.0,-86000000.0,4170000000.0,214.0,596000000.0,66000000.0,1000000.0,2199000000.0,257.0,0.0,0.0,226000000.0,790000000.0,743000000.0,0.0,466000000.0,618000000.0,56.0,2811000000.0,129000000.0,166000000.0,47000000.0,418000000.0,-339000000.0,-69000000.0,10000000.0,0.0,-3000000.0,99000000.0,1175000000.0,-676000000.0,-400000000.0,614000000.0,386000000.0,614000000.0,614000000.0,505000000.0,747000000.0,15.0,67000000.0,93000000.0,-4000000.0,-3000000.0,25000000.0,453000000.0,-16000000.0,15.0,17.0,12.0,240.0,4350000000.0,-467000000.0,602000000.0,1413000000.0,4441000000.0,7370000000.0,6053000000.0,2351000000.0,4469000000.0,2901000000.0,7370000000.0,5010000000.0,-4048000000.0,2016.0,1.13,543362831.858
1191,NWL,2015-12-31,1556500000.0,-33800000.0,-184000000.0,19.0,-211400000.0,801400000.0,14.0,274800000.0,-97800000.0,287500000.0,3611100000.0,125.0,38500000.0,226600000.0,171600000.0,417400000.0,337500000.0,-12800000.0,599200000.0,2791200000.0,39.0,2304600000.0,78200000.0,1063700000.0,79900000.0,721800000.0,0.0,44000000.0,2687600000.0,0.0,537600000.0,75400000.0,565800000.0,172300000.0,-649900000.0,350000000.0,131800000.0,350000000.0,259300000.0,1250700000.0,601400000.0,10.0,291900000.0,246200000.0,-833800000.0,0.0,-438500000.0,548800000.0,0.0,6.0,19.0,6.0,89.0,2090900000.0,-186100000.0,1626000000.0,388800000.0,0.0,7278000000.0,2493500000.0,1988600000.0,1822900000.0,5455100000.0,7278000000.0,5915700000.0,-523100000.0,2015.0,1.3,269230769.231
1195,NWS,2016-06-30,1588000000.0,22000000.0,18000000.0,2.0,-256000000.0,12434000000.0,88.0,2147000000.0,35000000.0,6000000.0,0.0,159.0,602000000.0,171000000.0,505000000.0,181000000.0,181000000.0,-36000000.0,2405000000.0,3714000000.0,100.0,8292000000.0,-54000000.0,2207000000.0,0.0,0.0,-105000000.0,316000000.0,369000000.0,2270000000.0,342000000.0,-22000000.0,952000000.0,150000000.0,-1124000000.0,179000000.0,-176000000.0,179000000.0,235000000.0,1229000000.0,90000000.0,1.0,396000000.0,513000000.0,-1026000000.0,-4000000.0,-763000000.0,699000000.0,0.0,2.0,2.0,2.0,159.0,150000000.0,-41000000.0,7450000000.0,0.0,0.0,15483000000.0,3889000000.0,2442000000.0,11564000000.0,3899000000.0,15463000000.0,8292000000.0,0.0,,,
1199,NWSA,2016-06-30,1588000000.0,22000000.0,18000000.0,2.0,-256000000.0,12434000000.0,88.0,2147000000.0,35000000.0,6000000.0,0.0,159.0,602000000.0,171000000.0,505000000.0,181000000.0,181000000.0,-36000000.0,2405000000.0,3714000000.0,100.0,8292000000.0,-54000000.0,2207000000.0,0.0,0.0,-105000000.0,316000000.0,369000000.0,2270000000.0,342000000.0,-22000000.0,952000000.0,150000000.0,-1124000000.0,179000000.0,-176000000.0,179000000.0,235000000.0,1229000000.0,90000000.0,1.0,396000000.0,513000000.0,-1026000000.0,-4000000.0,-763000000.0,699000000.0,0.0,2.0,2.0,2.0,159.0,150000000.0,-41000000.0,7450000000.0,0.0,0.0,15483000000.0,3889000000.0,2442000000.0,11564000000.0,3899000000.0,15463000000.0,8292000000.0,0.0,2016.0,0.3,596666666.6669999
1203,O,2015-12-31,166170000.0,-2641000.0,22243000.0,4.0,-1266885000.0,0.0,,40294000.0,0.0,7666428000.0,55352000.0,,0.0,0.0,421168000.0,731939000.0,498860000.0,0.0,10618884000.0,15321000.0,95.0,967933000.0,3169000.0,1034417000.0,233079000.0,0.0,22013000.0,6168000.0,4603486000.0,0.0,-93612000.0,36442000.0,692303000.0,523194000.0,-1179055000.0,283766000.0,-17247000.0,256686000.0,283766000.0,81678000.0,731939000.0,72.0,75276000.0,0.0,0.0,-7383000.0,65817000.0,304881000.0,0.0,49.0,8.0,28.0,,-1530210000.0,1186186000.0,49298000.0,238000000.0,0.0,11865870000.0,0.0,0.0,6531596000.0,5334274000.0,11865870000.0,1023285000.0,0.0,2015.0,1.09,260335779.817
1207,OKE,2015-12-31,745025000.0,157051000.0,-177167000.0,73.0,-1188312000.0,1378444000.0,6.0,97619000.0,6050000.0,2458000.0,5641052000.0,60.0,0.0,1700963000.0,354620000.0,938663000.0,521876000.0,0.0,12373989000.0,0.0,27.0,2122154000.0,136600000.0,1017258000.0,416787000.0,204780000.0,33915000.0,-223596000.0,8323582000.0,948221000.0,757282000.0,-75150000.0,1006980000.0,108589000.0,-1190719000.0,244977000.0,422137000.0,244977000.0,385276000.0,593979000.0,996159000.0,13.0,131433000.0,78832000.0,-127242000.0,0.0,-36322000.0,16964000.0,-88477000.0,7.0,155.0,3.0,47.0,0.0,396329000.0,693331000.0,656990000.0,0.0,15446111000.0,975210000.0,1638266000.0,335798000.0,15110313000.0,15446111000.0,7763206000.0,-917862000.0,2015.0,1.17,209382051.282
1211,OMC,2016-12-31,12012900000.0,0.0,42600000.0,53.0,-165500000.0,798300000.0,22.0,3002200000.0,0.0,44600000.0,12671200000.0,91.0,0.0,480500000.0,277500000.0,2051500000.0,1841800000.0,-75500000.0,674800000.0,8976100000.0,18.0,2745700000.0,600500000.0,427400000.0,209700000.0,1125400000.0,-7300000.0,0.0,4920500000.0,120400000.0,388400000.0,397000000.0,1931200000.0,-977100000.0,-481600000.0,1148600000.0,84000000.0,1148600000.0,1148600000.0,7510800000.0,2008900000.0,13.0,244700000.0,1063000000.0,-1356000000.0,-146000000.0,-308800000.0,892300000.0,323000000.0,12.0,85.0,7.0,83.0,5677200000.0,-648100000.0,443900000.0,28800000.0,20600000.0,23165400000.0,12722000000.0,14010900000.0,2162000000.0,21003400000.0,23165400000.0,15416900000.0,-3002100000.0,,,
1215,ORLY,2015-12-31,2813720000.0,-23858000.0,3474000.0,47.0,-414020000.0,1281497000.0,4.0,116301000.0,-76226000.0,977000.0,3804031000.0,99.0,0.0,79772000.0,212362000.0,1517495000.0,1460366000.0,0.0,2861556000.0,757142000.0,52.0,4162643000.0,529150000.0,0.0,57129000.0,2631015000.0,4074000.0,271310000.0,1390018000.0,13219000.0,-25000.0,-134259000.0,1281476000.0,-1008547000.0,-407188000.0,931216000.0,-56990000.0,931216000.0,931216000.0,233687000.0,1514021000.0,19.0,34741000.0,29023000.0,0.0,0.0,2758000.0,199182000.0,23662000.0,18.0,74.0,12.0,12.0,678840000.0,-1071600000.0,2648622000.0,0.0,0.0,6676684000.0,3010026000.0,3046398000.0,1961314000.0,4715370000.0,6676684000.0,7966674000.0,0.0,2015.0,9.32,99915879.8283
1219,OXY,2015-12-31,5282000000.0,1431000000.0,219000000.0,32.0,-5272000000.0,7640000000.0,64.0,4394000000.0,-24000000.0,178000000.0,5804000000.0,137.0,0.0,5362000000.0,4544000000.0,-9537000000.0,-9684000000.0,0.0,31639000000.0,0.0,53.0,6676000000.0,-1330000000.0,0.0,147000000.0,986000000.0,819000000.0,-2320000000.0,6883000000.0,2396000000.0,4304000000.0,-588000000.0,3351000000.0,1484000000.0,-5423000000.0,-7829000000.0,8166000000.0,-7829000000.0,-8146000000.0,2970000000.0,-9756000000.0,78.0,0.0,1052000000.0,-307000000.0,0.0,-970000000.0,0.0,-617000000.0,78.0,40.0,63.0,123.0,25960000000.0,-556000000.0,1613000000.0,1450000000.0,0.0,43437000000.0,9402000000.0,6842000000.0,24350000000.0,19087000000.0,43437000000.0,12480000000.0,-9121000000.0,2015.0,-10.23,765298142.717
1223,PAYX,2016-05-31,304500000.0,-35700000.0,4500000.0,40.0,-97700000.0,952700000.0,100.0,4129000000.0,0.0,3600000.0,0.0,111.0,0.0,22100000.0,190800000.0,1151100000.0,1151100000.0,0.0,353000000.0,657100000.0,100.0,2951900000.0,394300000.0,69500000.0,0.0,0.0,-587900000.0,63300000.0,0.0,441100000.0,0.0,-38500000.0,1018200000.0,-993600000.0,-63100000.0,756800000.0,44100000.0,756800000.0,756800000.0,444700000.0,1146600000.0,39.0,56500000.0,69300000.0,29200000.0,-279200000.0,622500000.0,141100000.0,-1100000.0,39.0,60.0,26.0,111.0,926200000.0,-107900000.0,1805300000.0,0.0,220600000.0,6440800000.0,4863600000.0,4365900000.0,1911700000.0,4529100000.0,6440800000.0,2951900000.0,0.0,2016.0,2.1,360380952.381
1227,PBCT,2015-12-31,0.0,0.0,0.0,5.0,-80300000.0,5337700000.0,,6784200000.0,0.0,3900000.0,95500000.0,,0.0,0.0,63200000.0,431800000.0,390500000.0,0.0,257800000.0,1958700000.0,0.0,0.0,130400000.0,129100000.0,41300000.0,0.0,-3281200000.0,0.0,0.0,34378400000.0,618200000.0,-298400000.0,328300000.0,2720500000.0,-3347200000.0,260100000.0,90800000.0,260100000.0,260100000.0,0.0,0.0,0.0,1132700000.0,0.0,-329000000.0,2279200000.0,14300000.0,382400000.0,-92600000.0,27.0,8.0,18.0,,880800000.0,24300000.0,836700000.0,4307300000.0,380500000.0,38877400000.0,0.0,0.0,4731600000.0,34145800000.0,38877400000.0,1421300000.0,-1161800000.0,2015.0,0.86,302441860.465
1231,PBI,2015-12-31,1817966000.0,82767000.0,94838000.0,228.0,-166329000.0,161280000.0,34.0,650557000.0,-7621000.0,323338000.0,1558591000.0,102.0,70294000.0,205668000.0,173312000.0,698408000.0,610825000.0,-44387000.0,510750000.0,1745957000.0,56.0,2019469000.0,189778000.0,187378000.0,87583000.0,88824000.0,-67522000.0,-89042000.0,2507912000.0,763054000.0,-275120000.0,-403561000.0,514639000.0,-570725000.0,-303088000.0,407943000.0,-103651000.0,407943000.0,421047000.0,1399081000.0,603570000.0,17.0,544221000.0,64325000.0,-888635000.0,4603000.0,-69237000.0,673739000.0,32556000.0,17.0,342.0,11.0,98.0,5155537000.0,-131719000.0,1279961000.0,461085000.0,117021000.0,6141462000.0,2319808000.0,2279051000.0,178721000.0,5962740000.0,6141461000.0,3578060000.0,-4573305000.0,2015.0,2.04,199972058.824
1235,PCAR,2015-12-31,356900000.0,-168100000.0,453300000.0,23.0,-1725200000.0,69300000.0,110.0,2016400000.0,64300000.0,351300000.0,15292100000.0,171.0,0.0,889100000.0,0.0,2455100000.0,2337100000.0,-105800000.0,5549400000.0,0.0,18.0,3379200000.0,733100000.0,0.0,118000000.0,796500000.0,-676900000.0,339500000.0,5795000000.0,9303600000.0,663800000.0,278800000.0,2556000000.0,-196500000.0,-1974900000.0,1604000000.0,848000000.0,1604000000.0,1604000000.0,879000000.0,2001800000.0,11.0,871100000.0,245700000.0,-1017000000.0,0.0,427200000.0,1767600000.0,-131700000.0,13.0,34.0,9.0,146.0,7536800000.0,-179800000.0,541500000.0,2796500000.0,1448100000.0,21109800000.0,5385700000.0,3153400000.0,6940400000.0,11605100000.0,18545500000.0,18671300000.0,0.0,2015.0,4.52,354867256.63699996
1239,PCG,2016-12-31,1711000000.0,-1048000000.0,114000000.0,8.0,-5709000000.0,0.0,2.0,184000000.0,-24000000.0,12198000000.0,12734000000.0,81.0,0.0,10213000000.0,2755000000.0,2291000000.0,1462000000.0,0.0,50581000000.0,0.0,28.0,4932000000.0,55000000.0,0.0,829000000.0,463000000.0,-57000000.0,865000000.0,16220000000.0,2676000000.0,1314000000.0,54000000.0,4409000000.0,1171000000.0,-5526000000.0,1407000000.0,1804000000.0,1393000000.0,1407000000.0,2510000000.0,2177000000.0,12.0,9177000000.0,3007000000.0,-9000000.0,-44000000.0,240000000.0,16409000000.0,-1350000000.0,8.0,8.0,8.0,75.0,5751000000.0,822000000.0,0.0,2216000000.0,0.0,68598000000.0,6164000000.0,7564000000.0,17940000000.0,50406000000.0,68346000000.0,17666000000.0,0.0,,,
1243,PCLN,2015-12-31,1004429000.0,-68694000.0,29642000.0,29.0,-173915000.0,5184910000.0,184.0,1478071000.0,0.0,482000.0,632180000.0,247.0,0.0,892576000.0,346759000.0,3288549000.0,3128320000.0,-149103000.0,274786000.0,3375000000.0,93.0,8591807000.0,576960000.0,2167533000.0,160229000.0,0.0,-3585452000.0,166201000.0,6158443000.0,7931363000.0,2251405000.0,-1671386000.0,3102231000.0,-729996000.0,-3894518000.0,2551360000.0,212125000.0,2551360000.0,2551360000.0,645169000.0,3258907000.0,35.0,118656000.0,258751000.0,244852000.0,-10700000.0,-135151000.0,134777000.0,-105520000.0,34.0,36.0,28.0,247.0,9191865000.0,-3068204000.0,5060406000.0,0.0,1171246000.0,17420575000.0,3553237000.0,1439310000.0,8795469000.0,8625106000.0,17420575000.0,9223987000.0,-5826640000.0,2015.0,50.09,50935516.0711
1247,PDCO,2016-04-30,792835000.0,-96131000.0,4045000.0,13.0,-79354000.0,48477000.0,17.0,137453000.0,-118351000.0,991000.0,4063955000.0,211.0,0.0,206896000.0,87536000.0,351758000.0,301693000.0,-8371000.0,293315000.0,816592000.0,25.0,1322748000.0,116009000.0,509297000.0,50065000.0,722140000.0,-1057839000.0,115635000.0,1022155000.0,88248000.0,337625000.0,-209807000.0,156329000.0,42869000.0,-400634000.0,187184000.0,16907000.0,187184000.0,185684000.0,796693000.0,347713000.0,6.0,65811000.0,91255000.0,-136880000.0,-133000.0,736559000.0,20672000.0,2093000.0,6.0,21.0,3.0,124.0,1529158000.0,-195175000.0,0.0,36500000.0,0.0,3520804000.0,1747541000.0,829335000.0,1441746000.0,2079058000.0,3520804000.0,5386703000.0,0.0,2016.0,1.93,96986528.4974
1251,PEG,2015-12-31,1507000000.0,0.0,99000000.0,13.0,-3863000000.0,0.0,11.0,394000000.0,0.0,4915000000.0,6239000000.0,98.0,0.0,8405000000.0,1427000000.0,3073000000.0,2680000000.0,0.0,26539000000.0,16000000.0,40.0,4176000000.0,1001000000.0,102000000.0,393000000.0,976000000.0,-37000000.0,-200000000.0,8834000000.0,3730000000.0,855000000.0,-8000000.0,3919000000.0,15000000.0,-3942000000.0,1679000000.0,523000000.0,1679000000.0,1691000000.0,1570000000.0,2962000000.0,28.0,3654000000.0,554000000.0,-295000000.0,-51000000.0,-42000000.0,3654000000.0,490000000.0,26.0,21.0,16.0,70.0,9117000000.0,0.0,0.0,1174000000.0,0.0,37535000000.0,3494000000.0,3575000000.0,13066000000.0,24469000000.0,37535000000.0,10415000000.0,-671000000.0,2015.0,3.32,505722891.566
1255,PEP,2016-12-31,14243000000.0,-349000000.0,110000000.0,56.0,-3040000000.0,4091000000.0,76.0,9158000000.0,-75000000.0,24000000.0,28209000000.0,128.0,0.0,5073000000.0,2368000000.0,9895000000.0,8553000000.0,-252000000.0,16591000000.0,14430000000.0,55.0,34590000000.0,2174000000.0,13433000000.0,1342000000.0,2723000000.0,-4301000000.0,1326000000.0,30053000000.0,1950000000.0,3746000000.0,62000000.0,10404000000.0,-2942000000.0,-7148000000.0,6329000000.0,811000000.0,6329000000.0,6329000000.0,6694000000.0,9785000000.0,16.0,636000000.0,1547000000.0,-13919000000.0,-58000000.0,193000000.0,6669000000.0,-56000000.0,14.0,76.0,10.0,115.0,52518000000.0,-2542000000.0,24735000000.0,6892000000.0,6967000000.0,74129000000.0,27089000000.0,21135000000.0,11246000000.0,62883000000.0,74129000000.0,62799000000.0,-31468000000.0,,,
1259,PFE,2015-12-31,8249000000.0,21000000.0,-2860000000.0,11.0,-1397000000.0,81016000000.0,79.0,3641000000.0,-199000000.0,459000000.0,9648000000.0,149.0,1794000000.0,26877000000.0,5157000000.0,8965000000.0,8965000000.0,-1000000000.0,13766000000.0,48242000000.0,80.0,39203000000.0,1990000000.0,40356000000.0,0.0,7513000000.0,14638000000.0,728000000.0,32810000000.0,15999000000.0,1306000000.0,298000000.0,14512000000.0,-10233000000.0,-2980000000.0,6960000000.0,1805000000.0,6960000000.0,6975000000.0,10838000000.0,11824000000.0,24.0,3499000000.0,2163000000.0,-9522000000.0,298000000.0,-16221000000.0,13376000000.0,14000000.0,18.0,14.0,14.0,123.0,71993000000.0,-4897000000.0,14809000000.0,10160000000.0,19649000000.0,167460000000.0,43804000000.0,29399000000.0,64720000000.0,102741000000.0,167461000000.0,48851000000.0,-79252000000.0,2015.0,1.13,6159292035.4
1263,PFG,2016-12-31,12900000.0,63700000.0,0.0,13.0,-154900000.0,9686000000.0,,2719600000.0,0.0,4700000.0,6913200000.0,,3380200000.0,972400000.0,471700000.0,1591700000.0,1591700000.0,0.0,699000000.0,1020800000.0,44.0,5480900000.0,229900000.0,1325300000.0,0.0,0.0,-4999000000.0,2186100000.0,3177100000.0,76416100000.0,-274600000.0,154800000.0,3857800000.0,1450900000.0,-5153900000.0,1316500000.0,84100000.0,1316500000.0,1361800000.0,1361900000.0,1591700000.0,13.0,141091400000.0,0.0,-675200000.0,2432300000.0,0.0,213460600000.0,-309600000.0,13.0,16.0,11.0,,7720400000.0,-241900000.0,156600000.0,51400000.0,0.0,228014300000.0,0.0,0.0,10227300000.0,217787000000.0,228014300000.0,12394100000.0,-6508600000.0,,,
1267,PG,2016-12-31,879096000.0,-143827000.0,6269000.0,20.0,-511941000.0,3029993000.0,84.0,535203000.0,-149776000.0,110000.0,299694000.0,256.0,825303000.0,830772000.0,104745000.0,1337010000.0,1329815000.0,0.0,2083421000.0,0.0,94.0,4560733000.0,434293000.0,0.0,7195000.0,399356000.0,-534963000.0,498250000.0,351569000.0,864260000.0,-40583000.0,-273899000.0,1473396000.0,-700391000.0,-1046904000.0,895522000.0,244939000.0,895522000.0,895522000.0,1611620000.0,1330741000.0,27.0,20294000.0,130528000.0,-12840000.0,-143182000.0,0.0,100385000.0,23543000.0,27.0,30.0,18.0,224.0,1748222000.0,-516626000.0,1177697000.0,127274000.0,503481000.0,6973466000.0,3180188000.0,1241495000.0,4449245000.0,2524221000.0,6973466000.0,4860427000.0,-316240000.0,,,
1271,PGR,2015-12-31,2587000000.0,-591200000.0,-900000.0,17.0,-130700000.0,1218800000.0,,224400000.0,0.0,583600000.0,18705900000.0,,564100000.0,109300000.0,315100000.0,2047600000.0,1911600000.0,-200000.0,1037200000.0,447600000.0,10.0,2147900000.0,611100000.0,494900000.0,136000000.0,0.0,-1038500000.0,563100000.0,2707900000.0,18867500000.0,342300000.0,116000000.0,2292900000.0,-252800000.0,-1923900000.0,1267600000.0,-109800000.0,1267600000.0,1300500000.0,5675800000.0,1911600000.0,9.0,335800000.0,0.0,800400000.0,16800000.0,-754700000.0,16660800000.0,815200000.0,9.0,26.0,6.0,,4686600000.0,-208300000.0,22800000.0,0.0,2172000000.0,29819300000.0,0.0,0.0,7289400000.0,22529900000.0,29819300000.0,20853800000.0,0.0,2015.0,2.16,586851851.852
1275,PH,2016-06-30,2004101000.0,17549000.0,73236000.0,18.0,-149407000.0,628451000.0,89.0,1221653000.0,120243000.0,90523000.0,8823384000.0,220.0,605155000.0,54395000.0,306843000.0,1251245000.0,1114728000.0,-61712000.0,1568100000.0,2903037000.0,22.0,2537369000.0,307512000.0,922571000.0,136517000.0,1173329000.0,-50831000.0,-230391000.0,2675000000.0,850088000.0,-217781000.0,41069000.0,1169843000.0,-802423000.0,-264639000.0,806840000.0,17382000.0,806840000.0,806840000.0,1826103000.0,1178009000.0,10.0,0.0,104360000.0,-2227765000.0,0.0,-64401000.0,2382724000.0,131001000.0,10.0,24.0,7.0,171.0,10302866000.0,-557449000.0,1359360000.0,361840000.0,882342000.0,12056738000.0,5207787000.0,2365941000.0,4575255000.0,7481483000.0,12056738000.0,11360753000.0,-4218820000.0,2016.0,5.96,135375838.926
1279,PHM,2016-12-31,1889309000.0,0.0,-48814000.0,13.0,-39295000.0,3116490000.0,,723248000.0,-897092000.0,3191000.0,5728662000.0,,0.0,0.0,54007000.0,933850000.0,933850000.0,0.0,31728000.0,0.0,25.0,1939814000.0,331147000.0,154792000.0,0.0,6770655000.0,-444997000.0,75257000.0,3441637000.0,590943000.0,1072762000.0,-52187000.0,68270000.0,350735000.0,-471192000.0,602703000.0,378643000.0,602703000.0,602703000.0,1049408000.0,982664000.0,13.0,857426000.0,0.0,-526000.0,0.0,13100000.0,0.0,-145248000.0,12.0,20.0,8.0,,1540208000.0,-597361000.0,957150000.0,0.0,0.0,10178200000.0,0.0,0.0,4659363000.0,5518837000.0,10178200000.0,7668476000.0,0.0,,,
1283,PKI,2016-01-03,541172000.0,6760000.0,0.0,10.0,-29632000.0,52932000.0,42.0,237932000.0,-28700000.0,112034000.0,1237859000.0,184.0,0.0,0.0,120778000.0,286134000.0,244015000.0,-15992000.0,167029000.0,2276149000.0,45.0,1024500000.0,31327000.0,490811000.0,42119000.0,288028000.0,0.0,-50326000.0,1011762000.0,1586000.0,-35072000.0,63111000.0,287098000.0,-107139000.0,-100856000.0,212425000.0,26644000.0,212425000.0,212688000.0,439015000.0,286134000.0,13.0,197559000.0,68186000.0,-45956000.0,-103000.0,-71224000.0,482607000.0,0.0,11.0,12.0,9.0,133.0,1991431000.0,-61534000.0,598848000.0,1123000.0,0.0,4166295000.0,1033161000.0,561485000.0,2110441000.0,2055854000.0,4166295000.0,2262359000.0,0.0,2015.0,1.89,112394179.894
1287,PM,2016-12-31,13251000000.0,-1009000000.0,0.0,55.0,-1172000000.0,1964000000.0,26.0,4239000000.0,-695000000.0,0.0,57659000000.0,107.0,859000000.0,1897000000.0,743000000.0,10815000000.0,9924000000.0,-874000000.0,6064000000.0,7324000000.0,23.0,17294000000.0,2768000000.0,2470000000.0,891000000.0,9017000000.0,-41000000.0,1450000000.0,25851000000.0,1011000000.0,1131000000.0,822000000.0,8077000000.0,-5413000000.0,-968000000.0,6967000000.0,151000000.0,6967000000.0,6967000000.0,3499000000.0,10815000000.0,14.0,1515000000.0,853000000.0,-9559000000.0,-173000000.0,245000000.0,3536000000.0,187000000.0,13.0,78.0,9.0,52.0,30397000000.0,7000000.0,6405000000.0,3216000000.0,0.0,36851000000.0,17608000000.0,16467000000.0,-12688000000.0,49539000000.0,36851000000.0,74953000000.0,-35490000000.0,,,
1291,PNC,2015-12-31,4975000000.0,0.0,0.0,9.0,0.0,16197000000.0,,118821000000.0,0.0,2708000000.0,403000000.0,,0.0,0.0,1088000000.0,6149000000.0,5507000000.0,0.0,0.0,9103000000.0,0.0,0.0,1364000000.0,379000000.0,642000000.0,0.0,-15554000000.0,-1788000000.0,0.0,289939000000.0,-2367000000.0,-295000000.0,5496000000.0,10469000000.0,-16260000000.0,4106000000.0,285000000.0,3881000000.0,4106000000.0,0.0,0.0,0.0,23092000000.0,0.0,130000000.0,16606000000.0,-706000000.0,6783000000.0,1172000000.0,34.0,12.0,25.0,,29043000000.0,-2513000000.0,9463000000.0,21899000000.0,0.0,358493000000.0,0.0,0.0,44710000000.0,313783000000.0,358493000000.0,16270000000.0,-3368000000.0,2015.0,7.52,546010638.298
1295,PNR,2015-12-31,841700000.0,48800000.0,2800000.0,2.0,-134300000.0,2860300000.0,8.0,126300000.0,1400000.0,1800000.0,4263200000.0,187.0,0.0,844200000.0,271700000.0,180000000.0,71300000.0,-44200000.0,942800000.0,5255400000.0,34.0,2185800000.0,139100000.0,2490100000.0,108700000.0,1174300000.0,0.0,-80400000.0,4709300000.0,0.0,1719400000.0,15900000.0,739300000.0,1286300000.0,-1965500000.0,-76400000.0,580900000.0,-76400000.0,-65000000.0,1167700000.0,177200000.0,3.0,388100000.0,312300000.0,-645000000.0,0.0,-1831200000.0,808200000.0,4000000.0,1.0,2.0,1.0,108.0,1791700000.0,-180600000.0,1334300000.0,700000.0,0.0,11857000000.0,2780600000.0,1486500000.0,4008800000.0,7848200000.0,11857000000.0,6449000000.0,0.0,2015.0,-0.42,181904761.905
1299,PNW,2015-12-31,561748000.0,-17926000.0,34272000.0,10.0,-1076087000.0,0.0,3.0,39488000.0,-23945000.0,2541668000.0,1969675000.0,62.0,128835000.0,3010002000.0,571664000.0,888874000.0,693910000.0,0.0,11684969000.0,0.0,44.0,1525768000.0,237720000.0,123975000.0,194964000.0,279931000.0,-33508000.0,-94859000.0,3462391000.0,747302000.0,279445000.0,31884000.0,1094327000.0,3790000.0,-1066233000.0,437257000.0,205775000.0,437257000.0,437257000.0,368395000.0,854602000.0,24.0,1452661000.0,202702000.0,-44748000.0,1000.0,43362000.0,2394091000.0,-2572000.0,20.0,15.0,13.0,42.0,2092803000.0,19373000.0,176744000.0,435296000.0,0.0,15028258000.0,890516000.0,1442317000.0,4583917000.0,10444341000.0,15028258000.0,3495443000.0,-5806000.0,2015.0,3.94,110978934.01
1303,PPG,2016-12-31,3510000000.0,-59000000.0,24000000.0,18.0,-402000000.0,701000000.0,44.0,1820000000.0,61000000.0,969000000.0,8063000000.0,152.0,154000000.0,417000000.0,462000000.0,952000000.0,827000000.0,-68000000.0,2759000000.0,3572000000.0,45.0,6688000000.0,241000000.0,1983000000.0,125000000.0,1546000000.0,80000000.0,-112000000.0,3787000000.0,179000000.0,233000000.0,509000000.0,1325000000.0,-1184000000.0,436000000.0,877000000.0,75000000.0,877000000.0,586000000.0,2692000000.0,928000000.0,6.0,670000000.0,351000000.0,-2356000000.0,24000000.0,758000000.0,2412000000.0,-85000000.0,6.0,17.0,6.0,116.0,15984000000.0,-1027000000.0,4630000000.0,629000000.0,43000000.0,15769000000.0,6452000000.0,4240000000.0,4826000000.0,10943000000.0,15769000000.0,14751000000.0,-10472000000.0,,,
1307,PPL,2015-12-31,1455000000.0,101000000.0,108000000.0,7.0,-3533000000.0,9687000000.0,22.0,836000000.0,0.0,7000000.0,1718000000.0,68.0,0.0,4057000000.0,942000000.0,2939000000.0,2068000000.0,-10000000.0,30382000000.0,3550000000.0,78.0,5951000000.0,465000000.0,679000000.0,871000000.0,357000000.0,136000000.0,-238000000.0,18563000000.0,0.0,1330000000.0,-563000000.0,2615000000.0,68000000.0,-3588000000.0,682000000.0,1688000000.0,682000000.0,1603000000.0,1185000000.0,2831000000.0,37.0,2044000000.0,268000000.0,-2728000000.0,-461000000.0,-191000000.0,2886000000.0,-208000000.0,27.0,21.0,9.0,59.0,2953000000.0,203000000.0,2237000000.0,1401000000.0,0.0,39301000000.0,2646000000.0,3876000000.0,9919000000.0,29382000000.0,39301000000.0,7669000000.0,0.0,2015.0,1.01,675247524.752
1311,PRU,2015-12-31,8714000000.0,0.0,0.0,13.0,0.0,24482000000.0,,17612000000.0,0.0,6000000.0,32747000000.0,,16718000000.0,0.0,113000000.0,7769000000.0,7769000000.0,69000000.0,0.0,0.0,43.0,24372000000.0,2072000000.0,0.0,0.0,0.0,-7852000000.0,8556000000.0,24439000000.0,412197000000.0,209000000.0,2694000000.0,13895000000.0,-3524000000.0,-7746000000.0,5642000000.0,-1905000000.0,5642000000.0,5712000000.0,0.0,7769000000.0,14.0,302756000000.0,0.0,12285000000.0,-1161000000.0,106000000.0,674430000000.0,1419000000.0,14.0,19.0,10.0,,18931000000.0,-1455000000.0,16603000000.0,9098000000.0,8105000000.0,757388000000.0,0.0,0.0,41890000000.0,715498000000.0,757388000000.0,57119000000.0,-13814000000.0,2015.0,12.37,456103476.15199995
1315,PSX,2015-12-31,7487000000.0,2129000000.0,352000000.0,18.0,-5764000000.0,19145000000.0,41.0,3074000000.0,-144000000.0,6000000.0,77693000000.0,163.0,0.0,6041000000.0,1099000000.0,6354000000.0,6044000000.0,9000000.0,19721000000.0,3275000000.0,22.0,21282000000.0,1764000000.0,906000000.0,310000000.0,3477000000.0,0.0,-2530000000.0,8843000000.0,12143000000.0,243000000.0,-2133000000.0,5713000000.0,-2117000000.0,-5738000000.0,4227000000.0,555000000.0,4227000000.0,4280000000.0,5173000000.0,4429000000.0,4.0,279000000.0,532000000.0,-653000000.0,5000000.0,26000000.0,2227000000.0,324000000.0,6.0,26.0,4.0,117.0,12348000000.0,-1147000000.0,15747000000.0,44000000.0,0.0,48580000000.0,12256000000.0,7531000000.0,23100000000.0,25480000000.0,48580000000.0,98975000000.0,-7746000000.0,2015.0,7.78,543316195.373
1319,PVH,2016-01-31,1332400000.0,33200000.0,4000000.0,13.0,-263800000.0,2822500000.0,36.0,556400000.0,-96200000.0,83500000.0,3858700000.0,184.0,0.0,0.0,257400000.0,760500000.0,647500000.0,-22600000.0,744600000.0,3219300000.0,52.0,4161600000.0,75100000.0,3646400000.0,117000000.0,1322300000.0,-26600000.0,57100000.0,3054300000.0,0.0,-340400000.0,77100000.0,899600000.0,-478400000.0,-321500000.0,572400000.0,7900000.0,572400000.0,589000000.0,685900000.0,743900000.0,9.0,273500000.0,248000000.0,-704200000.0,0.0,-31100000.0,1562600000.0,67800000.0,8.0,14.0,7.0,98.0,2561200000.0,-131000000.0,3417700000.0,162500000.0,0.0,10696400000.0,2812600000.0,1527200000.0,4552300000.0,6144100000.0,10696400000.0,8020300000.0,-210700000.0,2015.0,6.95,82359712.2302
1323,PWR,2015-12-31,1181364000.0,101112000.0,-338000.0,10.0,-209968000.0,3497740000.0,11.0,128771000.0,-33524000.0,2000.0,6648771000.0,189.0,0.0,186491000.0,198944000.0,236699000.0,228675000.0,-3154000.0,1101959000.0,1552658000.0,12.0,923665000.0,97472000.0,205074000.0,8024000.0,75285000.0,-4338000.0,150531000.0,475364000.0,0.0,410652000.0,-61744000.0,618183000.0,-1217378000.0,-307113000.0,321824000.0,-114896000.0,310907000.0,131203000.0,1938878000.0,237503000.0,3.0,76333000.0,134585000.0,-294689000.0,0.0,-92807000.0,260129000.0,841910000.0,3.0,7.0,4.0,183.0,1677698000.0,-1603676000.0,592863000.0,7067000.0,0.0,5213543000.0,2277519000.0,1203744000.0,3085494000.0,2128049000.0,5213543000.0,7572436000.0,-1795257000.0,2015.0,1.59,202405031.447
1327,PX,2015-12-31,935000000.0,1000000.0,0.0,35.0,-1541000000.0,4005000000.0,8.0,147000000.0,-23000000.0,4000000.0,5960000000.0,139.0,0.0,1390000000.0,1106000000.0,2321000000.0,2160000000.0,-61000000.0,10998000000.0,2986000000.0,45.0,4816000000.0,612000000.0,568000000.0,161000000.0,531000000.0,0.0,-55000000.0,8975000000.0,665000000.0,168000000.0,21000000.0,2682000000.0,-1297000000.0,-1303000000.0,1547000000.0,215000000.0,1547000000.0,1547000000.0,1601000000.0,2321000000.0,22.0,476000000.0,347000000.0,-4596000000.0,0.0,238000000.0,1155000000.0,-109000000.0,20.0,49.0,14.0,111.0,12229000000.0,-665000000.0,1296000000.0,256000000.0,0.0,18319000000.0,2626000000.0,1893000000.0,4389000000.0,13930000000.0,18319000000.0,10776000000.0,-7253000000.0,2015.0,5.39,287012987.013
1330,PYPL,2016-12-31,1715000000.0,-53000000.0,45000000.0,10.0,-669000000.0,13579000000.0,29.0,1590000000.0,0.0,0.0,0.0,152.0,0.0,1513000000.0,724000000.0,1631000000.0,1631000000.0,0.0,1482000000.0,4059000000.0,100.0,10842000000.0,230000000.0,211000000.0,0.0,0.0,-4311000000.0,360000000.0,0.0,1539000000.0,-21000000.0,197000000.0,3158000000.0,2038000000.0,-4999000000.0,1401000000.0,1514000000.0,1401000000.0,1401000000.0,19925000000.0,1586000000.0,15.0,79000000.0,833000000.0,59000000.0,-118000000.0,-19000000.0,0.0,-788000000.0,15.0,11.0,13.0,152.0,2069000000.0,-886000000.0,7698000000.0,15163000000.0,3385000000.0,33103000000.0,25733000000.0,16878000000.0,14712000000.0,18391000000.0,33103000000.0,10842000000.0,-995000000.0,,,
1334,QCOM,2016-09-25,2792000000.0,-232000000.0,635000000.0,18.0,-539000000.0,0.0,255.0,5946000000.0,-49000000.0,414000000.0,9749000000.0,314.0,2030000000.0,2377000000.0,1428000000.0,7130000000.0,6833000000.0,-4000000.0,2306000000.0,5679000000.0,59.0,13805000000.0,1131000000.0,3500000000.0,297000000.0,1556000000.0,-2577000000.0,-118000000.0,10008000000.0,13702000000.0,749000000.0,-1614000000.0,7400000000.0,-5522000000.0,-3488000000.0,5705000000.0,423000000.0,5705000000.0,5702000000.0,2219000000.0,6495000000.0,28.0,2161000000.0,558000000.0,428000000.0,-34000000.0,-372000000.0,895000000.0,246000000.0,29.0,22.0,24.0,293.0,30936000000.0,-3255000000.0,2159000000.0,1749000000.0,12702000000.0,52359000000.0,22981000000.0,7311000000.0,31778000000.0,20581000000.0,52359000000.0,23554000000.0,0.0,2016.0,3.84,1485677083.33
1337,QRVO,2016-04-02,343253000.0,36682000.0,8486000.0,1.0,-315624000.0,0.0,164.0,425881000.0,-84116000.0,5442613000.0,1561173000.0,404.0,0.0,152160000.0,674960000.0,20454000.0,-2862000.0,-294000.0,1046888000.0,2135697000.0,40.0,1049553000.0,25983000.0,1812515000.0,23316000.0,427551000.0,36057000.0,-5387000.0,988130000.0,26050000.0,1000131000.0,126067000.0,687927000.0,-282852000.0,-278714000.0,-28845000.0,123504000.0,-28845000.0,-28845000.0,363736000.0,11968000.0,0.0,66459000.0,105234000.0,-3133000.0,-22196000.0,853000.0,83056000.0,-28871000.0,0.0,0.0,1.0,289.0,-439808000.0,-1248134000.0,588822000.0,0.0,186808000.0,6596819000.0,1509210000.0,373801000.0,4999672000.0,1597147000.0,6596819000.0,2610726000.0,0.0,2016.0,-0.2,144225000.0
1341,R,2016-12-31,952659000.0,-51754000.0,14040000.0,13.0,-1905157000.0,1032549000.0,3.0,58801000.0,-5906000.0,26732000.0,5285568000.0,63.0,0.0,1688681000.0,1255310000.0,554224000.0,406381000.0,-9482000.0,8893592000.0,386772000.0,22.0,1501416000.0,141741000.0,48249000.0,147843000.0,69529000.0,76510000.0,10365000.0,4599864000.0,472284000.0,-71917000.0,-2144000.0,1601022000.0,-185922000.0,-1405833000.0,262477000.0,144741000.0,262477000.0,264640000.0,831947000.0,540184000.0,8.0,0.0,141280000.0,-834032000.0,0.0,422814000.0,817565000.0,-14211000.0,6.0,20.0,4.0,59.0,1827026000.0,-19187000.0,956158000.0,791410000.0,0.0,10902454000.0,1101557000.0,1744069000.0,2052275000.0,8850179000.0,10902454000.0,6786984000.0,0.0,,,
1345,RCL,2015-12-31,998998000.0,63102000.0,68606000.0,8.0,-1613340000.0,3297619000.0,9.0,390713000.0,1197000.0,2339000.0,5099393000.0,19.0,0.0,0.0,827008000.0,943508000.0,665783000.0,-17555000.0,18777778000.0,286764000.0,39.0,3199681000.0,0.0,0.0,277725000.0,121332000.0,-110507000.0,-87122000.0,7767378000.0,0.0,280948000.0,-67676000.0,1946366000.0,-253512000.0,-1742975000.0,665783000.0,460428000.0,665783000.0,665783000.0,238972000.0,874902000.0,11.0,1020291000.0,220579000.0,-1328433000.0,2520000.0,-19128000.0,798611000.0,15970000.0,8.0,8.0,8.0,17.0,6944862000.0,-188748000.0,1086504000.0,1551543000.0,0.0,20921855000.0,837022000.0,4292827000.0,8063039000.0,12858816000.0,20921855000.0,8299074000.0,-853348000.0,2014.0,3.03,219730363.03599998
1349,REGN,2016-12-31,879096000.0,-143827000.0,6269000.0,20.0,-511941000.0,3029993000.0,84.0,535203000.0,-149776000.0,110000.0,299694000.0,256.0,825303000.0,830772000.0,104745000.0,1337010000.0,1329815000.0,0.0,2083421000.0,0.0,94.0,4560733000.0,434293000.0,0.0,7195000.0,399356000.0,-534963000.0,498250000.0,351569000.0,864260000.0,-40583000.0,-273899000.0,1473396000.0,-700391000.0,-1046904000.0,895522000.0,244939000.0,895522000.0,895522000.0,1611620000.0,1330741000.0,27.0,20294000.0,130528000.0,-12840000.0,-143182000.0,0.0,100385000.0,23543000.0,27.0,30.0,18.0,224.0,1748222000.0,-516626000.0,1177697000.0,127274000.0,503481000.0,6973466000.0,3180188000.0,1241495000.0,4449245000.0,2524221000.0,6973466000.0,4860427000.0,-316240000.0,,,
1353,RHI,2016-12-31,679729000.0,-15888000.0,888000.0,32.0,-82956000.0,1022411000.0,38.0,260201000.0,0.0,128000.0,3089723000.0,189.0,118764000.0,0.0,64315000.0,554110000.0,554110000.0,-5918000.0,161509000.0,209793000.0,41.0,2160676000.0,210721000.0,3671000.0,0.0,0.0,-27079000.0,11480000.0,840000.0,0.0,-154000.0,35624000.0,442081000.0,-288304000.0,-112235000.0,343389000.0,48201000.0,343389000.0,343389000.0,703228000.0,553222000.0,11.0,0.0,320805000.0,-20502000.0,0.0,-2200000.0,10636000.0,-9416000.0,11.0,51.0,7.0,189.0,84562000.0,-175808000.0,1606217000.0,167000.0,0.0,1777971000.0,1284234000.0,679896000.0,1086599000.0,691372000.0,1777971000.0,5250399000.0,0.0,,,
1357,RHT,2016-02-29,284802000.0,-48404000.0,9938000.0,15.0,-41553000.0,2162264000.0,78.0,927778000.0,0.0,23000.0,309629000.0,120.0,111456000.0,449636000.0,109260000.0,297986000.0,274865000.0,-16113000.0,166886000.0,1027277000.0,85.0,1742601000.0,75500000.0,146071000.0,23121000.0,0.0,-327313000.0,322933000.0,723942000.0,786470000.0,-1843000.0,-119695000.0,716092000.0,-307566000.0,-512108000.0,199365000.0,156979000.0,199365000.0,199365000.0,509715000.0,288048000.0,14.0,44506000.0,153798000.0,-74449000.0,0.0,-143242000.0,87912000.0,-24041000.0,13.0,21.0,10.0,120.0,1099738000.0,-325954000.0,1041231000.0,0.0,281142000.0,4155099000.0,1872433000.0,1559177000.0,1334432000.0,2820667000.0,4155099000.0,2052230000.0,-1853144000.0,2016.0,1.09,182903669.725
1361,RL,2016-04-02,1082000000.0,129000000.0,2000000.0,11.0,-418000000.0,2258000000.0,91.0,456000000.0,-91000000.0,1000000.0,3218000000.0,255.0,119000000.0,0.0,310000000.0,573000000.0,552000000.0,5000000.0,1583000000.0,918000000.0,57.0,4187000000.0,156000000.0,244000000.0,21000000.0,1125000000.0,-143000000.0,67000000.0,597000000.0,0.0,155000000.0,-44000000.0,1007000000.0,-473000000.0,-583000000.0,396000000.0,179000000.0,396000000.0,385000000.0,575000000.0,582000000.0,8.0,296000000.0,268000000.0,-181000000.0,-2000000.0,-22000000.0,674000000.0,17000000.0,7.0,15.0,5.0,161.0,6015000000.0,-466000000.0,3389000000.0,116000000.0,629000000.0,6213000000.0,3053000000.0,1198000000.0,3744000000.0,2469000000.0,6213000000.0,7405000000.0,-4349000000.0,2016.0,4.65,85161290.3226
1365,ROK,2016-09-30,903200000.0,-18900000.0,6300000.0,37.0,-116900000.0,1588200000.0,123.0,1526400000.0,4600000.0,181400000.0,3404000000.0,212.0,633900000.0,0.0,172200000.0,1014400000.0,943100000.0,-10500000.0,578300000.0,1073900000.0,42.0,2475500000.0,213400000.0,255300000.0,71300000.0,526600000.0,-184400000.0,-46000000.0,1516300000.0,0.0,448600000.0,99100000.0,947300000.0,-397700000.0,-440000000.0,729700000.0,81200000.0,729700000.0,729700000.0,1079000000.0,1008100000.0,17.0,374800000.0,150200000.0,-1538800000.0,0.0,-138700000.0,1618900000.0,24500000.0,16.0,47.0,12.0,185.0,5668400000.0,-471400000.0,1467400000.0,448600000.0,902800000.0,7101200000.0,4185000000.0,1975900000.0,1990100000.0,5111100000.0,7101200000.0,5879500000.0,-3909100000.0,2016.0,5.6,130303571.42899999
1369,ROP,2015-12-31,446293000.0,30753000.0,58652000.0,13.0,-36260000.0,1419262000.0,108.0,778511000.0,-1150000.0,1028000.0,1417749000.0,225.0,31532000.0,810856000.0,208397000.0,1086570000.0,1002345000.0,-58654000.0,105510000.0,5824726000.0,60.0,2164646000.0,306278000.0,2528996000.0,84225000.0,189868000.0,0.0,2916000.0,3264417000.0,0.0,1062868000.0,168081000.0,928825000.0,996242000.0,-1698332000.0,696067000.0,-9094000.0,696067000.0,696067000.0,610313000.0,1027918000.0,29.0,59554000.0,39355000.0,-212779000.0,-1677000.0,-1662072000.0,74017000.0,936000.0,28.0,19.0,19.0,198.0,4110530000.0,21201000.0,1136728000.0,6805000.0,0.0,10168365000.0,1618047000.0,720128000.0,5298947000.0,4869418000.0,10168365000.0,3582395000.0,-19094000.0,2015.0,6.92,100587716.763
1373,ROST,2016-01-30,1602847000.0,0.0,0.0,41.0,-366960000.0,1122329000.0,48.0,761602000.0,-46429000.0,4023000.0,8576873000.0,148.0,0.0,130088000.0,274828000.0,1611759000.0,1611759000.0,0.0,2342906000.0,0.0,28.0,3363126000.0,591098000.0,0.0,0.0,1419104000.0,386000.0,-36687000.0,396025000.0,1331000.0,0.0,64994000.0,1326252000.0,-898749000.0,-362509000.0,1020661000.0,127375000.0,1020661000.0,1020661000.0,73627000.0,1624371000.0,14.0,152687000.0,116125000.0,182000.0,0.0,4065000.0,268168000.0,-13496000.0,13.0,65.0,9.0,59.0,1574982000.0,-748739000.0,1738755000.0,0.0,1737000.0,4869119000.0,2372195000.0,1602847000.0,2471991000.0,2397128000.0,4869119000.0,11939999000.0,-229525000.0,2015.0,2.53,403423320.15800005
1377,RRC,2015-12-31,335513000.0,64704000.0,-12987000.0,26.0,-1035085000.0,2442623000.0,0.0,471000.0,-14868000.0,1693000.0,648968000.0,125.0,0.0,882760000.0,1200712000.0,-885923000.0,-1052362000.0,0.0,6380760000.0,0.0,45.0,532736000.0,-338677000.0,0.0,166439000.0,33217000.0,367000.0,-66667000.0,2651303000.0,7218000.0,-446120000.0,23000.0,683700000.0,-464905000.0,-218772000.0,-713685000.0,213504000.0,-713685000.0,-736180000.0,123842000.0,-872936000.0,74.0,72979000.0,281544000.0,0.0,0.0,815946000.0,254590000.0,0.0,89.0,38.0,60.0,115.0,317587000.0,8298000.0,165318000.0,1136000.0,0.0,6900031000.0,439074000.0,351720000.0,2759658000.0,4140373000.0,6900031000.0,1181704000.0,-2245000.0,2015.0,-4.29,166360139.86
1381,RSG,2016-12-31,1350600000.0,-52300000.0,-194100000.0,8.0,-927800000.0,4764500000.0,4.0,67800000.0,0.0,3500000.0,5764000000.0,71.0,0.0,1210200000.0,1070200000.0,1337200000.0,965900000.0,0.0,7588600000.0,11163200000.0,39.0,3623700000.0,352700000.0,182300000.0,371300000.0,0.0,0.0,24900000.0,7653100000.0,0.0,93700000.0,35400000.0,1847800000.0,-851200000.0,-961200000.0,612600000.0,369600000.0,612600000.0,410300000.0,994800000.0,1537500000.0,16.0,411000000.0,221900000.0,14200000.0,-182000000.0,-33400000.0,2260600000.0,-177800000.0,10.0,13.0,7.0,71.0,3324000000.0,-354100000.0,1054500000.0,5800000.0,0.0,20629600000.0,1284500000.0,1812000000.0,7691300000.0,12938300000.0,20629600000.0,9387700000.0,-414900000.0,,,
1385,SBUX,2016-10-02,2975700000.0,-55600000.0,108000000.0,48.0,-1440300000.0,41100000.0,50.0,2128800000.0,-67500000.0,1500000.0,8511100000.0,105.0,885400000.0,0.0,1030100000.0,4279900000.0,4198600000.0,-3500000.0,4533800000.0,1719600000.0,60.0,12804800000.0,1379700000.0,516300000.0,81300000.0,1378500000.0,-807500000.0,227300000.0,3202200000.0,1496200000.0,1254500000.0,598700000.0,4575100000.0,-1750000000.0,-2222900000.0,2817700000.0,373100000.0,2817700000.0,3135900000.0,768800000.0,4171900000.0,20.0,417700000.0,350000000.0,-108400000.0,-114400000.0,24900000.0,689700000.0,248800000.0,20.0,71.0,13.0,74.0,5949800000.0,-1834900000.0,7970300000.0,400000000.0,134400000.0,14329500000.0,4760500000.0,4546900000.0,5884000000.0,8445500000.0,14329500000.0,21315900000.0,0.0,2016.0,1.91,1475235602.09
1389,SCG,2015-12-31,991000000.0,188000000.0,149000000.0,14.0,-1153000000.0,0.0,9.0,176000000.0,-16000000.0,2390000000.0,2714000000.0,71.0,0.0,1907000000.0,414000000.0,1457000000.0,1139000000.0,0.0,13540000000.0,0.0,38.0,1666000000.0,393000000.0,0.0,318000000.0,312000000.0,493000000.0,-192000000.0,5882000000.0,71000000.0,-65000000.0,39000000.0,1059000000.0,-360000000.0,-660000000.0,746000000.0,-419000000.0,746000000.0,746000000.0,732000000.0,1308000000.0,30.0,2157000000.0,158000000.0,-65000000.0,0.0,0.0,1962000000.0,338000000.0,26.0,21.0,17.0,55.0,3118000000.0,14000000.0,234000000.0,697000000.0,0.0,17146000000.0,1378000000.0,1952000000.0,5443000000.0,11703000000.0,17146000000.0,4380000000.0,0.0,2015.0,5.22,142911877.395
1393,SCHW,2015-12-31,37924000000.0,-1760000000.0,0.0,11.0,-266000000.0,4152000000.0,,31576000000.0,0.0,15000000.0,0.0,,0.0,0.0,386000000.0,2411000000.0,2279000000.0,0.0,1145000000.0,1227000000.0,100.0,6380000000.0,832000000.0,181000000.0,132000000.0,0.0,-28330000000.0,-8000000.0,2890000000.0,130520000000.0,989000000.0,615000000.0,1246000000.0,27992000000.0,-28623000000.0,1447000000.0,113000000.0,1364000000.0,1447000000.0,17895000000.0,2279000000.0,36.0,1174000000.0,0.0,-134000000.0,26719000000.0,0.0,0.0,1068000000.0,36.0,17.0,23.0,,11253000000.0,671000000.0,3877000000.0,0.0,0.0,183718000000.0,0.0,0.0,13402000000.0,170316000000.0,183718000000.0,6380000000.0,-3343000000.0,2015.0,1.04,1391346153.85
1397,SE,2015-12-31,768000000.0,141000000.0,114000000.0,3.0,-2848000000.0,5053000000.0,6.0,213000000.0,-40000000.0,1000000.0,2335000000.0,49.0,0.0,5445000000.0,778000000.0,1257000000.0,621000000.0,-7000000.0,22918000000.0,4154000000.0,55.0,2899000000.0,161000000.0,0.0,636000000.0,307000000.0,98000000.0,83000000.0,12892000000.0,2902000000.0,861000000.0,-2000000.0,2247000000.0,540000000.0,-2782000000.0,196000000.0,888000000.0,196000000.0,-94000000.0,806000000.0,1433000000.0,27.0,1301000000.0,322000000.0,-269000000.0,-5000000.0,-32000000.0,1323000000.0,-63000000.0,12.0,10.0,4.0,40.0,1741000000.0,878000000.0,353000000.0,1764000000.0,0.0,32923000000.0,1648000000.0,3392000000.0,6526000000.0,26397000000.0,32923000000.0,5234000000.0,0.0,2014.0,0.29,675862068.966
1401,SEE,2016-12-31,885700000.0,-33900000.0,-40100000.0,80.0,-275700000.0,1974100000.0,17.0,363700000.0,-17100000.0,22800000.0,4246700000.0,105.0,210500000.0,51000000.0,214000000.0,779000000.0,565900000.0,-39200000.0,1060300000.0,2855600000.0,37.0,2531600000.0,79500000.0,710100000.0,213100000.0,659900000.0,-46000000.0,228000000.0,3938300000.0,0.0,-181300000.0,12000000.0,906900000.0,-540900000.0,-314800000.0,486300000.0,77400000.0,486400000.0,486300000.0,1053200000.0,819100000.0,12.0,337300000.0,138500000.0,-949100000.0,-21000000.0,6900000.0,671200000.0,-47900000.0,8.0,93.0,7.0,73.0,1040000000.0,-217000000.0,1604400000.0,420700000.0,0.0,7389100000.0,2215300000.0,2118900000.0,609700000.0,6779400000.0,7389100000.0,6778300000.0,-1478100000.0,,,
1405,SHW,2015-12-31,2099243000.0,-56873000.0,-4683000.0,121.0,-234340000.0,0.0,10.0,205744000.0,-40733000.0,115761000.0,5780078000.0,124.0,244882000.0,0.0,198562000.0,1610757000.0,1548966000.0,-13465000.0,1041862000.0,1143333000.0,49.0,5559226000.0,495117000.0,255371000.0,61791000.0,1018530000.0,-65593000.0,170819000.0,1920196000.0,0.0,167288000.0,165012000.0,1447463000.0,-980353000.0,-288633000.0,1053849000.0,177053000.0,1053849000.0,1053849000.0,1202158000.0,1615440000.0,14.0,447533000.0,232442000.0,1743331000.0,-42384000.0,11300000.0,861890000.0,-55214000.0,14.0,178.0,9.0,77.0,3228876000.0,-945301000.0,3943786000.0,42616000.0,0.0,5791855000.0,2658874000.0,2141859000.0,867910000.0,4923945000.0,5791855000.0,11339304000.0,-4220058000.0,2015.0,11.38,92605360.2812
1409,SIG,2016-01-30,833100000.0,-233900000.0,0.0,15.0,-226500000.0,279900000.0,12.0,137700000.0,-46000000.0,15700000.0,4109800000.0,398.0,0.0,701600000.0,150200000.0,703700000.0,657800000.0,-3900000.0,727600000.0,515500000.0,37.0,2440400000.0,189900000.0,427800000.0,45900000.0,2453900000.0,-2200000.0,93500000.0,1328700000.0,0.0,-73100000.0,-52000000.0,443300000.0,-266600000.0,-228700000.0,467900000.0,38100000.0,467900000.0,467900000.0,1843900000.0,703700000.0,11.0,213600000.0,154400000.0,-273700000.0,-8300000.0,0.0,230500000.0,-26500000.0,10.0,21.0,7.0,185.0,3534600000.0,-125000000.0,1736700000.0,59500000.0,0.0,6474400000.0,4589900000.0,1152900000.0,3060700000.0,3413700000.0,6474400000.0,6550200000.0,-495800000.0,2016.0,5.89,79439728.3531
1413,SJM,2016-04-30,789200000.0,-21900000.0,3700000.0,10.0,-201400000.0,5860100000.0,9.0,109800000.0,240100000.0,29100000.0,4843400000.0,130.0,0.0,2230300000.0,430100000.0,1149000000.0,977900000.0,400000.0,1627700000.0,6091100000.0,38.0,2967800000.0,289200000.0,6494400000.0,171100000.0,899400000.0,-16000000.0,192700000.0,5146000000.0,0.0,-742000000.0,-15800000.0,1458300000.0,-1496200000.0,21700000.0,688700000.0,-91100000.0,688700000.0,688700000.0,450100000.0,1145300000.0,15.0,197500000.0,114100000.0,-148400000.0,3500000.0,239100000.0,386300000.0,19700000.0,13.0,14.0,9.0,56.0,1267700000.0,-441100000.0,1614100000.0,284000000.0,0.0,15984100000.0,1573400000.0,1213000000.0,7008500000.0,8975600000.0,15984100000.0,7811200000.0,0.0,2016.0,5.77,119358752.16600001
1417,SLG,2015-12-31,486886000.0,-5127000.0,196777000.0,4.0,-3059753000.0,5439735000.0,,2158997000.0,0.0,1001000.0,534326000.0,,370435000.0,400885000.0,607464000.0,274087000.0,274087000.0,0.0,14620896000.0,0.0,68.0,1128503000.0,0.0,0.0,0.0,0.0,-261231000.0,13736000.0,9453108000.0,1248996000.0,1822137000.0,-26010000.0,526484000.0,1713417000.0,-2265911000.0,284084000.0,-375833000.0,269132000.0,302910000.0,572917000.0,401131000.0,24.0,850719000.0,0.0,-8749000.0,25000000.0,1055073000.0,29000000.0,-31215000.0,16.0,4.0,17.0,,1643546000.0,253152000.0,139137000.0,1062023000.0,0.0,19857941000.0,0.0,0.0,7287465000.0,12570476000.0,19857941000.0,1662829000.0,-10000000.0,2015.0,1.02,278513725.49
1421,SNA,2016-12-31,621400000.0,-72900000.0,-600000.0,21.0,-74300000.0,317300000.0,8.0,77600000.0,-32700000.0,67400000.0,1803500000.0,190.0,72800000.0,13100000.0,85600000.0,853600000.0,801400000.0,-1900000.0,425200000.0,895500000.0,51.0,1908300000.0,244300000.0,184600000.0,52200000.0,530500000.0,-243300000.0,-35600000.0,708800000.0,1221200000.0,134200000.0,-15200000.0,576100000.0,-116000000.0,-473400000.0,546400000.0,84000000.0,546400000.0,546400000.0,1159400000.0,854200000.0,23.0,39900000.0,116500000.0,-498500000.0,-24100000.0,-155800000.0,376600000.0,-11900000.0,22.0,31.0,15.0,137.0,3384900000.0,-78600000.0,1054100000.0,301400000.0,0.0,4723200000.0,1884000000.0,989500000.0,2617200000.0,2106000000.0,4723200000.0,3711800000.0,-653900000.0,,,
1425,SNI,2015-12-31,310543000.0,-79070000.0,40900000.0,40.0,-52480000.0,1347491000.0,23.0,223444000.0,0.0,1287000.0,987357000.0,177.0,91954000.0,0.0,921052000.0,1229911000.0,1121864000.0,12539000.0,293230000.0,1804748000.0,67.0,2030870000.0,343391000.0,1785563000.0,108047000.0,0.0,19456000.0,116100000.0,3511098000.0,807630000.0,1250764000.0,-654720000.0,814214000.0,-876973000.0,-604500000.0,606828000.0,-908212000.0,606828000.0,687744000.0,816679000.0,1103932000.0,37.0,161308000.0,687758000.0,-130233000.0,-671702000.0,-571476000.0,250391000.0,-14129000.0,37.0,74.0,20.0,177.0,305386000.0,-1133148000.0,785179000.0,568066000.0,0.0,6672314000.0,1727881000.0,974649000.0,1523931000.0,5148383000.0,6672314000.0,3018227000.0,0.0,2015.0,4.68,129664102.564
1429,SO,2015-12-31,3434000000.0,243000000.0,-178000000.0,11.0,-7393000000.0,0.0,15.0,1404000000.0,17000000.0,0.0,9811000000.0,71.0,2937000000.0,14448000000.0,2395000000.0,4469000000.0,3629000000.0,0.0,62354000000.0,0.0,44.0,7678000000.0,1194000000.0,0.0,840000000.0,1929000000.0,396000000.0,-567000000.0,24688000000.0,1512000000.0,3723000000.0,694000000.0,6274000000.0,1700000000.0,-7280000000.0,2421000000.0,1218000000.0,2367000000.0,2421000000.0,2162000000.0,4282000000.0,24.0,4989000000.0,1031000000.0,0.0,-75000000.0,-283000000.0,7910000000.0,533000000.0,21.0,17.0,14.0,50.0,0.0,70000000.0,997000000.0,4206000000.0,0.0,78318000000.0,6526000000.0,9129000000.0,21982000000.0,56218000000.0,78200000000.0,17489000000.0,0.0,2015.0,2.6,931153846.1539999
1433,SPG,2015-12-31,2692345000.0,9918000.0,109393000.0,48.0,-1020924000.0,9384450000.0,,701134000.0,0.0,31000.0,960192000.0,,1352259000.0,0.0,1239214000.0,2778266000.0,1854569000.0,0.0,23547738000.0,0.0,82.0,4305911000.0,0.0,0.0,923697000.0,0.0,-474811000.0,35542000.0,22502173000.0,4424937000.0,1356647000.0,88852000.0,3024685000.0,-1473113000.0,-1462720000.0,2139375000.0,-276687000.0,1824383000.0,2139375000.0,624605000.0,2668873000.0,51.0,0.0,0.0,-252686000.0,-120953000.0,33015000.0,214249000.0,-122677000.0,35.0,41.0,41.0,,-4266930000.0,-504725000.0,452835000.0,0.0,0.0,30650673000.0,0.0,0.0,4471464000.0,26179209000.0,30650673000.0,5266103000.0,-437134000.0,2015.0,5.88,363839285.714
1437,SPGI,2016-12-31,743000000.0,-177000000.0,1101000000.0,324.0,-115000000.0,502000000.0,92.0,2392000000.0,0.0,412000000.0,0.0,141.0,0.0,0.0,181000000.0,3369000000.0,3188000000.0,-158000000.0,271000000.0,2949000000.0,100.0,5661000000.0,960000000.0,1506000000.0,181000000.0,0.0,-1000000.0,-90000000.0,3564000000.0,0.0,-71000000.0,911000000.0,1464000000.0,-1600000000.0,1205000000.0,2106000000.0,-853000000.0,2106000000.0,2228000000.0,1122000000.0,3369000000.0,60.0,272000000.0,149000000.0,-773000000.0,-39000000.0,1321000000.0,713000000.0,175000000.0,56.0,490.0,37.0,141.0,9210000000.0,-1035000000.0,3212000000.0,0.0,8000000.0,8669000000.0,3671000000.0,2611000000.0,650000000.0,8019000000.0,8669000000.0,5661000000.0,-8701000000.0,,,
1441,SPLS,2016-01-30,3247000000.0,-19000000.0,-15000000.0,7.0,-381000000.0,5010000000.0,25.0,825000000.0,18000000.0,1000000.0,15545000000.0,157.0,0.0,0.0,455000000.0,631000000.0,492000000.0,-28000000.0,1586000000.0,2653000000.0,26.0,5514000000.0,113000000.0,274000000.0,139000000.0,2078000000.0,0.0,33000000.0,1018000000.0,0.0,-92000000.0,198000000.0,978000000.0,-378000000.0,-374000000.0,379000000.0,153000000.0,379000000.0,379000000.0,1899000000.0,641000000.0,3.0,547000000.0,310000000.0,-1116000000.0,0.0,7000000.0,506000000.0,-41000000.0,2.0,9.0,2.0,93.0,6900000000.0,17000000.0,4600000000.0,17000000.0,0.0,10172000000.0,5112000000.0,3264000000.0,5376000000.0,4796000000.0,10172000000.0,21059000000.0,-5419000000.0,2015.0,0.59,642372881.356
1445,SRCL,2015-12-31,346531000.0,-55890000.0,793000.0,10.0,-114761000.0,1143020000.0,9.0,55634000.0,0.0,849000.0,1719723000.0,130.0,0.0,608272000.0,127412000.0,488405000.0,410907000.0,-4234000.0,665602000.0,3758177000.0,42.0,1266185000.0,142894000.0,1842561000.0,77498000.0,0.0,294000.0,47811000.0,3052639000.0,0.0,1622419000.0,33398000.0,390328000.0,2181208000.0,-2533904000.0,267046000.0,2026000.0,256940000.0,267046000.0,614494000.0,487612000.0,16.0,49282000.0,91631000.0,-282631000.0,0.0,-2419437000.0,81352000.0,956000.0,14.0,15.0,9.0,130.0,1868645000.0,576448000.0,712803000.0,161409000.0,69000.0,7077450000.0,761828000.0,587349000.0,2729891000.0,4347559000.0,7077450000.0,2985908000.0,0.0,2015.0,3.02,88425827.8146
1449,SRE,2015-12-31,2015000000.0,99000000.0,225000000.0,11.0,-3156000000.0,0.0,9.0,430000000.0,-65000000.0,2621000000.0,6648000000.0,63.0,0.0,4605000000.0,1250000000.0,2161000000.0,1600000000.0,-14000000.0,28039000000.0,819000000.0,35.0,3583000000.0,341000000.0,404000000.0,561000000.0,298000000.0,277000000.0,130000000.0,13283000000.0,4499000000.0,516000000.0,-167000000.0,2905000000.0,-173000000.0,-2885000000.0,1350000000.0,-492000000.0,1349000000.0,1350000000.0,1509000000.0,1936000000.0,19.0,4498000000.0,654000000.0,-806000000.0,35000000.0,-6000000.0,6071000000.0,535000000.0,16.0,14.0,13.0,56.0,9994000000.0,-22000000.0,397000000.0,1585000000.0,0.0,41150000000.0,2891000000.0,4612000000.0,11809000000.0,29341000000.0,41150000000.0,10231000000.0,0.0,2015.0,5.43,248618784.53
1453,STI,2015-12-31,0.0,0.0,0.0,8.0,-186000000.0,9094000000.0,,33424000000.0,0.0,550000000.0,219000000.0,,0.0,0.0,786000000.0,2989000000.0,2707000000.0,0.0,1502000000.0,6337000000.0,0.0,0.0,764000000.0,1325000000.0,282000000.0,0.0,-5381000000.0,-190000000.0,1263000000.0,170472000000.0,-8892000000.0,-2630000000.0,3496000000.0,-810000000.0,-5316000000.0,1933000000.0,-328000000.0,1863000000.0,1933000000.0,0.0,0.0,0.0,5582000000.0,0.0,-460000000.0,9300000000.0,251000000.0,3198000000.0,-407000000.0,32.0,12.0,23.0,,14686000000.0,-679000000.0,5120000000.0,4627000000.0,0.0,190817000000.0,0.0,0.0,23437000000.0,167380000000.0,190817000000.0,8533000000.0,-1658000000.0,2015.0,3.62,533977900.552
1457,STT,2016-12-31,16901000000.0,-298000000.0,0.0,10.0,-613000000.0,9782000000.0,,172396000000.0,0.0,504000000.0,0.0,,0.0,0.0,929000000.0,2548000000.0,2120000000.0,0.0,2062000000.0,5814000000.0,0.0,0.0,-22000000.0,1750000000.0,0.0,0.0,5110000000.0,-1147000000.0,0.0,117895000000.0,-217000000.0,107000000.0,2290000000.0,-6413000000.0,4230000000.0,2143000000.0,-1597000000.0,1968000000.0,2143000000.0,2644000000.0,0.0,0.0,38328000000.0,0.0,-2040000000.0,-4479000000.0,-267000000.0,0.0,2260000000.0,20.0,10.0,20.0,,17459000000.0,-994000000.0,7661000000.0,5985000000.0,0.0,242698000000.0,0.0,0.0,21219000000.0,221479000000.0,242698000000.0,10635000000.0,-7682000000.0,,,
1461,STX,2016-07-01,2249000000.0,464000000.0,22000000.0,16.0,-587000000.0,5929000000.0,50.0,1125000000.0,145000000.0,0.0,8545000000.0,157.0,616000000.0,0.0,815000000.0,467000000.0,274000000.0,-3000000.0,2160000000.0,1237000000.0,23.0,2615000000.0,26000000.0,448000000.0,193000000.0,868000000.0,1000000.0,-144000000.0,4130000000.0,0.0,-22000000.0,-1354000000.0,1680000000.0,-1820000000.0,-1211000000.0,248000000.0,153000000.0,248000000.0,248000000.0,1318000000.0,445000000.0,4.0,258000000.0,216000000.0,-25000000.0,-60000000.0,-625000000.0,280000000.0,-1000000.0,2.0,17.0,2.0,118.0,-4311000000.0,-1011000000.0,635000000.0,0.0,6000000.0,8252000000.0,3533000000.0,2249000000.0,1593000000.0,6659000000.0,8252000000.0,11160000000.0,0.0,2016.0,0.83,298795180.723
1465,STZ,2016-02-29,1007300000.0,-129800000.0,-1100000.0,16.0,-891300000.0,2589000000.0,4.0,83100000.0,10100000.0,2900000.0,3606100000.0,131.0,0.0,1022200000.0,233000000.0,1815100000.0,1501200000.0,-9300000.0,3333400000.0,7138600000.0,45.0,2942300000.0,440600000.0,3403800000.0,313900000.0,1851600000.0,0.0,-87000000.0,6816200000.0,0.0,761900000.0,-27000000.0,1413700000.0,776000000.0,-2207400000.0,1054900000.0,306100000.0,1054900000.0,1106000000.0,732500000.0,1765100000.0,27.0,111600000.0,310400000.0,-452500000.0,-38600000.0,-1316100000.0,162500000.0,20700000.0,23.0,23.0,16.0,50.0,6090500000.0,104200000.0,1177200000.0,1265000000.0,0.0,16965000000.0,2977600000.0,2272300000.0,6559600000.0,10405400000.0,16965000000.0,6548400000.0,-1670300000.0,2016.0,,
1469,SWK,2016-12-31,2741900000.0,-68200000.0,23200000.0,15.0,-347000000.0,4774400000.0,40.0,1131800000.0,-23900000.0,442300000.0,7139700000.0,171.0,0.0,735400000.0,408000000.0,1420600000.0,1226100000.0,-101700000.0,1451200000.0,6694000000.0,37.0,4267200000.0,261200000.0,2299500000.0,194500000.0,1478000000.0,104700000.0,108100000.0,3815300000.0,0.0,1900000.0,666400000.0,1485200000.0,-433100000.0,-284000000.0,965300000.0,117400000.0,965300000.0,965300000.0,1302800000.0,1397400000.0,12.0,401700000.0,875900000.0,-1947100000.0,-163000000.0,-41700000.0,1903100000.0,-21500000.0,11.0,19.0,8.0,118.0,5127300000.0,31900000.0,2798900000.0,12100000.0,0.0,15634900000.0,4788500000.0,2807500000.0,6367000000.0,9267900000.0,15634900000.0,11406900000.0,-2029900000.0,,,
1473,SWKS,2016-09-30,152700000.0,121400000.0,81900000.0,28.0,-189300000.0,2686000000.0,516.0,1083800000.0,-147300000.0,46200000.0,1623800000.0,952.0,54100000.0,0.0,247800000.0,1200600000.0,1200600000.0,0.0,806300000.0,873300000.0,51.0,1665200000.0,205400000.0,67000000.0,0.0,424000000.0,0.0,-153600000.0,0.0,0.0,0.0,40200000.0,1095700000.0,-804600000.0,-250900000.0,995200000.0,52600000.0,995200000.0,995200000.0,416600000.0,1118700000.0,34.0,52600000.0,77700000.0,-10900000.0,-76500000.0,-61600000.0,103800000.0,-20400000.0,37.0,34.0,30.0,751.0,2263600000.0,-570800000.0,195900000.0,0.0,0.0,3855400000.0,2002100000.0,210200000.0,3541400000.0,314000000.0,3855400000.0,3289000000.0,-1443500000.0,2016.0,5.27,188842504.74400002
1477,SWN,2015-12-31,679000000.0,203000000.0,300000000.0,200.0,-1798000000.0,3409000000.0,2.0,15000000.0,4000000.0,4000000.0,689000000.0,56.0,0.0,0.0,1145000000.0,-6505000000.0,-6561000000.0,0.0,7543000000.0,0.0,78.0,2444000000.0,-2005000000.0,0.0,56000000.0,3000000.0,-579000000.0,-97000000.0,4728000000.0,0.0,-2243000000.0,-38000000.0,1580000000.0,20000000.0,-1638000000.0,-4556000000.0,4879000000.0,-4662000000.0,-4556000000.0,327000000.0,-6522000000.0,208.0,174000000.0,48000000.0,-48000000.0,0.0,739000000.0,393000000.0,2000000.0,209.0,288.0,145.0,55.0,-1082000000.0,2342000000.0,1208000000.0,4000000.0,0.0,8110000000.0,393000000.0,707000000.0,2282000000.0,5828000000.0,8110000000.0,3133000000.0,-1000000.0,,,
1481,SYF,2015-12-31,3740000000.0,-163000000.0,0.0,18.0,0.0,9351000000.0,,15467000000.0,0.0,1000000.0,607000000.0,,0.0,0.0,174000000.0,4059000000.0,3531000000.0,0.0,0.0,949000000.0,0.0,0.0,1317000000.0,701000000.0,528000000.0,0.0,-11075000000.0,803000000.0,0.0,67935000000.0,-3117000000.0,497000000.0,6184000000.0,5116000000.0,-10803000000.0,2214000000.0,2657000000.0,2214000000.0,2214000000.0,0.0,0.0,0.0,2225000000.0,0.0,-41000000.0,8233000000.0,272000000.0,0.0,499000000.0,26.0,28.0,16.0,,3293000000.0,0.0,3264000000.0,13603000000.0,0.0,84135000000.0,0.0,0.0,12604000000.0,71531000000.0,84135000000.0,13620000000.0,0.0,2015.0,2.66,832330827.0680001
1485,SYK,2016-12-31,2920000000.0,-192000000.0,-245000000.0,17.0,-490000000.0,1432000000.0,107.0,3316000000.0,-299000000.0,37000000.0,3830000000.0,250.0,0.0,0.0,546000000.0,1921000000.0,1921000000.0,-45000000.0,1569000000.0,6356000000.0,66.0,7495000000.0,274000000.0,3508000000.0,0.0,2030000000.0,634000000.0,-275000000.0,6686000000.0,0.0,2912000000.0,-63000000.0,1812000000.0,2361000000.0,-4191000000.0,1647000000.0,209000000.0,1647000000.0,1647000000.0,1967000000.0,2166000000.0,19.0,1141000000.0,480000000.0,-761000000.0,-6000000.0,-4335000000.0,1051000000.0,176000000.0,17.0,20.0,15.0,185.0,8842000000.0,-13000000.0,4295000000.0,228000000.0,68000000.0,20435000000.0,7861000000.0,3148000000.0,9550000000.0,10885000000.0,20435000000.0,11325000000.0,0.0,,,
1489,SYMC,2016-04-01,1335000000.0,38000000.0,10000000.0,68.0,-272000000.0,0.0,149.0,5983000000.0,0.0,4309000000.0,615000000.0,173.0,0.0,1594000000.0,304000000.0,467000000.0,392000000.0,-96000000.0,957000000.0,3148000000.0,83.0,2985000000.0,1213000000.0,443000000.0,75000000.0,0.0,977000000.0,688000000.0,2207000000.0,157000000.0,132000000.0,3109000000.0,796000000.0,-4764000000.0,7173000000.0,2488000000.0,-2059000000.0,2488000000.0,-821000000.0,556000000.0,457000000.0,13.0,103000000.0,378000000.0,22000000.0,-69000000.0,6468000000.0,257000000.0,-3000000.0,11.0,11.0,69.0,173.0,-655000000.0,-1803000000.0,1587000000.0,0.0,42000000.0,11767000000.0,6959000000.0,4033000000.0,3676000000.0,8091000000.0,11767000000.0,3600000000.0,0.0,2016.0,3.71,670619946.092
1493,SYY,2016-07-02,4335984000.0,-27311000.0,-111347000.0,27.0,-527346000.0,1281140000.0,88.0,3919300000.0,66937000.0,765175000.0,41326447000.0,227.0,207320000.0,26942000.0,707847000.0,1739153000.0,1433007000.0,-138327000.0,3880442000.0,2121661000.0,18.0,9040472000.0,483385000.0,207461000.0,306146000.0,2639174000.0,-46049000.0,-119060000.0,7336930000.0,0.0,-42088000.0,-1210744000.0,1933142000.0,-2404731000.0,-600828000.0,949622000.0,404744000.0,949622000.0,949622000.0,3380971000.0,1850500000.0,4.0,251021000.0,114454000.0,-1358118000.0,0.0,-27433000.0,1368482000.0,-49637000.0,3.0,41.0,2.0,167.0,9006138000.0,-1666990000.0,0.0,98472000.0,0.0,16721804000.0,10053899000.0,4434456000.0,3479608000.0,13242196000.0,16721804000.0,50366919000.0,-6214727000.0,2016.0,1.66,572061445.783
1497,T,2015-12-31,40180000000.0,-535000000.0,-52000000.0,11.0,-19218000000.0,89763000000.0,11.0,5121000000.0,0.0,6495000000.0,67046000000.0,75.0,0.0,56181000000.0,22016000000.0,24812000000.0,20692000000.0,0.0,124450000000.0,104568000000.0,54.0,79755000000.0,7005000000.0,120710000000.0,4120000000.0,0.0,748000000.0,556000000.0,118515000000.0,1606000000.0,23926000000.0,-3482000000.0,35880000000.0,9782000000.0,-49144000000.0,13345000000.0,3423000000.0,13345000000.0,13424000000.0,16532000000.0,24785000000.0,17.0,15346000000.0,14339000000.0,5334000000.0,-3818000000.0,-30674000000.0,56520000000.0,-3267000000.0,14.0,17.0,9.0,75.0,33671000000.0,-126000000.0,32954000000.0,7636000000.0,0.0,402672000000.0,35992000000.0,47816000000.0,122671000000.0,280001000000.0,402672000000.0,146801000000.0,-12592000000.0,2015.0,2.37,5630801687.76
1501,TAP,2016-12-31,2467700000.0,65600000.0,-2500000.0,17.0,-341800000.0,6635300000.0,18.0,560900000.0,-23200000.0,2000000.0,3003100000.0,69.0,0.0,1699000000.0,454900000.0,3306900000.0,3035300000.0,-28200000.0,4507400000.0,8250100000.0,39.0,1881900000.0,1050700000.0,14031900000.0,271600000.0,592700000.0,-166800000.0,147700000.0,11387700000.0,0.0,9194700000.0,158200000.0,1126900000.0,11317900000.0,-12286600000.0,1975900000.0,-1499800000.0,1975900000.0,1984600000.0,805300000.0,3309400000.0,68.0,382500000.0,210700000.0,-866200000.0,0.0,-11778000000.0,1475600000.0,-100000.0,62.0,27.0,40.0,50.0,6119000000.0,2536800000.0,1597300000.0,684800000.0,0.0,29341500000.0,2169600000.0,3157500000.0,11418700000.0,17922800000.0,29341500000.0,4885000000.0,-471400000.0,,,
1505,TDC,2015-12-31,216000000.0,1000000.0,60000000.0,25.0,-52000000.0,1128000000.0,88.0,839000000.0,-11000000.0,1000000.0,1254000000.0,182.0,41000000.0,43000000.0,170000000.0,-135000000.0,-144000000.0,-20000000.0,143000000.0,380000000.0,50.0,1276000000.0,70000000.0,212000000.0,9000000.0,49000000.0,85000000.0,16000000.0,570000000.0,0.0,313000000.0,5000000.0,401000000.0,-324000000.0,-52000000.0,-214000000.0,436000000.0,-214000000.0,-214000000.0,580000000.0,-195000000.0,8.0,20000000.0,266000000.0,-76000000.0,18000000.0,-85000000.0,115000000.0,3000000.0,6.0,17.0,8.0,177.0,-204000000.0,-657000000.0,765000000.0,210000000.0,0.0,2530000000.0,1734000000.0,953000000.0,849000000.0,1681000000.0,2530000000.0,2530000000.0,0.0,2015.0,-1.53,139869281.046
1509,TDG,2016-09-30,500187000.0,-80114000.0,-15794000.0,90.0,-43982000.0,1028972000.0,211.0,1586994000.0,-2073000.0,558000.0,1443348000.0,389.0,0.0,492255000.0,137881000.0,1251966000.0,768116000.0,242000.0,310580000.0,5679452000.0,54.0,1728063000.0,181702000.0,1764343000.0,483850000.0,724011000.0,0.0,-41732000.0,9943191000.0,0.0,1831058000.0,872961000.0,668930000.0,1646835000.0,-1443046000.0,586414000.0,73473000.0,583414000.0,586414000.0,576339000.0,1267760000.0,40.0,41205000.0,43353000.0,-149787000.0,-3580000.0,-1399064000.0,189718000.0,-4919000.0,24.0,118.0,18.0,293.0,-1146963000.0,-177643000.0,382858000.0,252416000.0,0.0,10726277000.0,2930697000.0,752603000.0,-651490000.0,11377767000.0,10726277000.0,3171411000.0,-384270000.0,2016.0,2.77,211701805.05400002
1513,TEL,2016-09-30,2527000000.0,116000000.0,-613000000.0,24.0,-628000000.0,1801000000.0,21.0,647000000.0,16000000.0,168000000.0,8205000000.0,156.0,2111000000.0,207000000.0,585000000.0,1289000000.0,1162000000.0,7000000.0,3052000000.0,5492000000.0,33.0,4033000000.0,-779000000.0,1879000000.0,127000000.0,1596000000.0,0.0,-1842000000.0,3739000000.0,12000000.0,181000000.0,-2682000000.0,1922000000.0,-3030000000.0,-1581000000.0,2009000000.0,808000000.0,2009000000.0,1941000000.0,2046000000.0,1902000000.0,16.0,287000000.0,486000000.0,-542000000.0,-5000000.0,-953000000.0,2111000000.0,327000000.0,9.0,14.0,16.0,104.0,8682000000.0,-2697000000.0,1463000000.0,331000000.0,0.0,17608000000.0,4775000000.0,3066000000.0,8485000000.0,9123000000.0,17608000000.0,12238000000.0,-1624000000.0,2016.0,5.49,365938069.21699995
1517,TGNA,2015-12-31,468244000.0,32787000.0,-11529000.0,21.0,-118767000.0,539505000.0,21.0,129200000.0,1807000.0,324419000.0,923336000.0,133.0,0.0,883141000.0,262244000.0,896565000.0,622936000.0,0.0,458319000.0,3919726000.0,70.0,2127609000.0,202314000.0,3065107000.0,273629000.0,0.0,-21313000.0,-99232000.0,4200816000.0,288790000.0,-307509000.0,10716000.0,613106000.0,-819666000.0,217276000.0,459522000.0,-67069000.0,459522000.0,420622000.0,575089000.0,913158000.0,30.0,657000.0,100870000.0,-130951000.0,-72501000.0,357356000.0,365608000.0,-40117000.0,20.0,28.0,15.0,133.0,7111129000.0,-271030000.0,1068221000.0,646000.0,0.0,8537758000.0,805159000.0,606783000.0,2191971000.0,6345787000.0,8537758000.0,3050945000.0,-5652131000.0,2015.0,2.04,225255882.353
1521,TGT,2016-01-30,11654000000.0,0.0,620000000.0,26.0,-1438000000.0,5348000000.0,32.0,4046000000.0,-316000000.0,50000000.0,51997000000.0,112.0,0.0,823000000.0,2213000000.0,5530000000.0,4923000000.0,0.0,25217000000.0,0.0,30.0,21788000000.0,1602000000.0,0.0,607000000.0,8601000000.0,24000000.0,534000000.0,11945000000.0,0.0,-85000000.0,1836000000.0,5844000000.0,-4516000000.0,508000000.0,3363000000.0,-881000000.0,3363000000.0,3321000000.0,0.0,4910000000.0,7.0,915000000.0,1483000000.0,-629000000.0,0.0,1922000000.0,1915000000.0,227000000.0,7.0,38.0,5.0,44.0,8188000000.0,-3069000000.0,14665000000.0,815000000.0,0.0,40262000000.0,14130000000.0,12622000000.0,12957000000.0,27305000000.0,40262000000.0,73785000000.0,0.0,2015.0,5.35,628598130.841
1525,TIF,2016-01-31,356200000.0,-16700000.0,-1200000.0,16.0,-252700000.0,1175700000.0,121.0,843600000.0,63700000.0,1300000.0,1613600000.0,481.0,382800000.0,55100000.0,194200000.0,758900000.0,709900000.0,500000.0,935800000.0,0.0,61.0,2491300000.0,246000000.0,0.0,49000000.0,2225000000.0,-26400000.0,-24600000.0,798100000.0,0.0,-2500000.0,113600000.0,813600000.0,-422300000.0,-278200000.0,463900000.0,149500000.0,463900000.0,463900000.0,206400000.0,760100000.0,19.0,302700000.0,190400000.0,-278100000.0,0.0,900000.0,617100000.0,-16400000.0,17.0,24.0,11.0,176.0,2012500000.0,-218400000.0,1731200000.0,305800000.0,43000000.0,5129700000.0,3508400000.0,729900000.0,2911400000.0,2218300000.0,5129700000.0,4104900000.0,0.0,2015.0,3.61,128504155.125
1529,TJX,2016-01-30,4402230000.0,-27357000.0,0.0,53.0,-889380000.0,0.0,56.0,2095473000.0,-506633000.0,663496000.0,22034523000.0,154.0,13831000.0,285102000.0,616696000.0,3704700000.0,3658300000.0,-96675000.0,4137575000.0,0.0,29.0,8910415000.0,1380642000.0,343796000.0,46400000.0,3695113000.0,-116631000.0,569208000.0,1624054000.0,0.0,0.0,-398302000.0,2937343000.0,-2175855000.0,-1063115000.0,2277658000.0,64014000.0,2277658000.0,2277658000.0,249131000.0,3704700000.0,12.0,231720000.0,380530000.0,-667472000.0,0.0,-57104000.0,881021000.0,-56243000.0,12.0,85.0,7.0,70.0,4311051000.0,-1696264000.0,5205715000.0,0.0,352313000.0,11499482000.0,6772560000.0,4402230000.0,4307075000.0,7192407000.0,11499482000.0,30944938000.0,0.0,2016.0,3.38,673863313.609
1533,TMK,2015-12-31,1450888000.0,0.0,0.0,13.0,-36957000.0,482284000.0,,61383000.0,0.0,130218000.0,2016212000.0,,3617135000.0,0.0,445625000.0,842829000.0,766187000.0,34369000.0,0.0,441591000.0,46.0,1749853000.0,249894000.0,0.0,76642000.0,0.0,-596393000.0,645811000.0,1233862000.0,14811682000.0,1978000.0,-4636000.0,1120050000.0,-525705000.0,-633350000.0,527100000.0,-3848000.0,527100000.0,516293000.0,344552000.0,766187000.0,20.0,522104000.0,0.0,231947000.0,-78216000.0,0.0,13112911000.0,-494638000.0,20.0,19.0,14.0,,3614369000.0,-382568000.0,0.0,490129000.0,54766000.0,19853213000.0,0.0,0.0,4055552000.0,15797661000.0,19853213000.0,3766065000.0,-403266000.0,2015.0,4.21,125201900.23799999
1537,TMO,2015-12-31,2776600000.0,-149400000.0,-399800000.0,9.0,-422900000.0,11801200000.0,11.0,452100000.0,-140700000.0,411900000.0,9209500000.0,138.0,0.0,2622600000.0,1688200000.0,1936400000.0,1936400000.0,-129600000.0,2448800000.0,18827600000.0,46.0,7755900000.0,-43900000.0,12758300000.0,0.0,1991700000.0,12000000.0,145000000.0,11473900000.0,0.0,-1932700000.0,-891400000.0,2816900000.0,-2491300000.0,-1087400000.0,1975400000.0,-401100000.0,1975400000.0,1980300000.0,2544900000.0,2336200000.0,14.0,1113100000.0,752500000.0,-1997300000.0,-6100000.0,-676500000.0,1295000000.0,-291800000.0,11.0,9.0,12.0,90.0,12142300000.0,-376000000.0,4612100000.0,1052800000.0,0.0,40889000000.0,5741200000.0,4147300000.0,21350200000.0,19538800000.0,40889000000.0,16965400000.0,-1007900000.0,2015.0,4.96,398266129.03199995
1541,TRIP,2015-12-31,142000000.0,-31000000.0,17000000.0,14.0,-109000000.0,741000000.0,212.0,614000000.0,0.0,0.0,58000000.0,277.0,0.0,15000000.0,93000000.0,249000000.0,239000000.0,-10000000.0,247000000.0,732000000.0,96.0,1434000000.0,41000000.0,176000000.0,10000000.0,0.0,53000000.0,67000000.0,200000000.0,37000000.0,-140000000.0,159000000.0,382000000.0,-153000000.0,-60000000.0,198000000.0,55000000.0,198000000.0,198000000.0,180000000.0,232000000.0,16.0,71000000.0,24000000.0,-63000000.0,-61000000.0,-4000000.0,189000000.0,0.0,16.0,17.0,13.0,277.0,826000000.0,12000000.0,1109000000.0,1000000.0,47000000.0,2128000000.0,865000000.0,312000000.0,1412000000.0,716000000.0,2128000000.0,1492000000.0,-92000000.0,2015.0,1.38,143478260.87
1545,TRV,2016-12-31,273000000.0,324000000.0,0.0,13.0,0.0,0.0,,307000000.0,0.0,22614000000.0,15070000000.0,,2388000000.0,0.0,4811000000.0,4416000000.0,4053000000.0,-9000000.0,0.0,3580000000.0,45.0,12555000000.0,1039000000.0,268000000.0,363000000.0,0.0,-1116000000.0,372000000.0,6710000000.0,66253000000.0,91000000.0,-73000000.0,4202000000.0,-2806000000.0,-1460000000.0,3014000000.0,-190000000.0,3014000000.0,3014000000.0,19618000000.0,4053000000.0,15.0,2966000000.0,0.0,-755000000.0,0.0,-344000000.0,70314000000.0,-4129000000.0,15.0,17.0,11.0,,32196000000.0,-2140000000.0,4154000000.0,0.0,4865000000.0,100245000000.0,0.0,0.0,23221000000.0,77024000000.0,100245000000.0,27625000000.0,-30834000000.0,,,
1549,TSCO,2015-12-26,670406000.0,0.0,0.0,29.0,-236496000.0,596131000.0,10.0,63813000.0,-168925000.0,1352000.0,4083333000.0,221.0,9224000.0,84793000.0,123569000.0,650508000.0,647617000.0,0.0,847576000.0,10258000.0,34.0,2143174000.0,237222000.0,0.0,2891000.0,1284375000.0,0.0,89588000.0,166992000.0,0.0,149493000.0,12679000.0,429180000.0,-180589000.0,-235912000.0,410395000.0,-12747000.0,410395000.0,410395000.0,49733000.0,650508000.0,10.0,18337000.0,87510000.0,0.0,0.0,584000.0,54463000.0,-12700000.0,10.0,46.0,7.0,30.0,2225601000.0,-254013000.0,1369097000.0,878000.0,0.0,2370826000.0,1485431000.0,671284000.0,1393294000.0,977532000.0,2370826000.0,6226507000.0,-1429790000.0,2015.0,3.03,135443894.389
1553,TSN,2016-10-01,1511000000.0,73000000.0,14000000.0,18.0,-695000000.0,4355000000.0,13.0,349000000.0,148000000.0,43000000.0,32184000000.0,177.0,0.0,2545000000.0,705000000.0,2847000000.0,2598000000.0,6000000.0,5170000000.0,6669000000.0,13.0,4697000000.0,826000000.0,5084000000.0,249000000.0,2732000000.0,-9000000.0,-150000000.0,6200000000.0,0.0,-413000000.0,-339000000.0,2716000000.0,-2377000000.0,-684000000.0,1768000000.0,176000000.0,1768000000.0,1768000000.0,1542000000.0,2833000000.0,8.0,562000000.0,265000000.0,-45000000.0,68000000.0,20000000.0,1242000000.0,-8000000.0,7.0,27.0,5.0,78.0,8348000000.0,-1816000000.0,1864000000.0,79000000.0,0.0,22373000000.0,4888000000.0,2762000000.0,9608000000.0,12765000000.0,22373000000.0,36881000000.0,-3093000000.0,2016.0,,
1557,TSO,2015-12-31,1568000000.0,638000000.0,-29000000.0,30.0,-1030000000.0,1391000000.0,37.0,942000000.0,-179000000.0,26000000.0,22466000000.0,170.0,0.0,1222000000.0,772000000.0,2847000000.0,2630000000.0,0.0,9541000000.0,0.0,22.0,6245000000.0,936000000.0,1211000000.0,217000000.0,2302000000.0,-97000000.0,-863000000.0,4067000000.0,0.0,-111000000.0,-58000000.0,2131000000.0,-1060000000.0,-1129000000.0,1540000000.0,150000000.0,1540000000.0,1694000000.0,792000000.0,2827000000.0,10.0,1273000000.0,271000000.0,-149000000.0,-7000000.0,-2000000.0,773000000.0,-77000000.0,9.0,50.0,5.0,79.0,5954000000.0,-532000000.0,2620000000.0,0.0,0.0,16332000000.0,4307000000.0,2530000000.0,5213000000.0,11119000000.0,16332000000.0,28711000000.0,-2009000000.0,2015.0,12.5,123200000.0
1561,TSS,2015-12-31,118807000.0,-39218000.0,-37219000.0,20.0,-54640000.0,241891000.0,115.0,389328000.0,0.0,20277000.0,1855181000.0,260.0,5598000.0,216470000.0,260502000.0,496888000.0,496888000.0,-7111000.0,289898000.0,1545424000.0,33.0,924360000.0,151364000.0,981201000.0,0.0,0.0,-1686000.0,-29853000.0,1383634000.0,106118000.0,-52807000.0,100145000.0,600194000.0,-290754000.0,-202184000.0,369041000.0,48220000.0,364044000.0,367630000.0,339375000.0,534107000.0,19.0,97159000.0,154199000.0,-33544000.0,0.0,-145858000.0,96886000.0,-8498000.0,18.0,27.0,13.0,260.0,2256058000.0,-183599000.0,390253000.0,53832000.0,0.0,3908300000.0,882902000.0,339218000.0,1843018000.0,2065282000.0,3908300000.0,2779541000.0,-641664000.0,2015.0,1.98,186384343.43400002
1565,TXN,2015-12-31,1555000000.0,77000000.0,32000000.0,30.0,-551000000.0,1629000000.0,126.0,1000000000.0,93000000.0,1741000000.0,5440000000.0,277.0,201000000.0,413000000.0,1133000000.0,4306000000.0,4216000000.0,0.0,2596000000.0,4362000000.0,58.0,7560000000.0,1230000000.0,1629000000.0,90000000.0,1691000000.0,125000000.0,-170000000.0,3120000000.0,221000000.0,-502000000.0,-199000000.0,4268000000.0,-4165000000.0,-302000000.0,2986000000.0,146000000.0,2986000000.0,2986000000.0,1165000000.0,4274000000.0,33.0,147000000.0,1000000000.0,-532000000.0,-3000000.0,124000000.0,196000000.0,3000000.0,32.0,42.0,23.0,211.0,31176000000.0,-2299000000.0,1748000000.0,1000000000.0,2218000000.0,16230000000.0,7074000000.0,2555000000.0,9946000000.0,6284000000.0,16230000000.0,13000000000.0,-24068000000.0,2015.0,2.86,1044055944.06
1569,TXT,2016-01-02,3530000000.0,76000000.0,0.0,14.0,-420000000.0,1587000000.0,27.0,1005000000.0,-239000000.0,36000000.0,10979000000.0,172.0,0.0,0.0,461000000.0,1140000000.0,971000000.0,-15000000.0,2492000000.0,2023000000.0,18.0,2444000000.0,273000000.0,0.0,169000000.0,4144000000.0,105000000.0,-43000000.0,3348000000.0,1087000000.0,-295000000.0,183000000.0,1090000000.0,-504000000.0,-388000000.0,697000000.0,111000000.0,697000000.0,698000000.0,1047000000.0,1140000000.0,8.0,2569000000.0,341000000.0,-1398000000.0,0.0,-73000000.0,2604000000.0,31000000.0,7.0,20.0,5.0,63.0,5298000000.0,-187000000.0,1304000000.0,262000000.0,0.0,14708000000.0,6537000000.0,3792000000.0,4964000000.0,9744000000.0,14708000000.0,13423000000.0,-559000000.0,2015.0,2.52,276587301.587
1573,UA,2015-12-31,393395000.0,-191876000.0,-7234000.0,14.0,-298928000.0,636630000.0,27.0,129852000.0,-278524000.0,72000.0,2057766000.0,313.0,92157000.0,0.0,100940000.0,401313000.0,386685000.0,-11822000.0,538531000.0,585181000.0,48.0,1905547000.0,154112000.0,75686000.0,14628000.0,783031000.0,-6534000.0,39010000.0,627000000.0,0.0,384798000.0,-463323000.0,-44104000.0,440078000.0,-847475000.0,232573000.0,130249000.0,232573000.0,232573000.0,433638000.0,408547000.0,10.0,78582000.0,152242000.0,-45013000.0,0.0,-542013000.0,94868000.0,-76476000.0,10.0,23.0,6.0,149.0,1076533000.0,10310000.0,1497000000.0,42000000.0,0.0,2868900000.0,1498763000.0,478810000.0,1668222000.0,1200678000.0,2868900000.0,3963313000.0,0.0,2015.0,1.08,215345370.37
1577,UAA,2015-12-31,393395000.0,-191876000.0,-7234000.0,14.0,-298928000.0,636630000.0,27.0,129852000.0,-278524000.0,72000.0,2057766000.0,313.0,92157000.0,0.0,100940000.0,401313000.0,386685000.0,-11822000.0,538531000.0,585181000.0,48.0,1905547000.0,154112000.0,75686000.0,14628000.0,783031000.0,-6534000.0,39010000.0,627000000.0,0.0,384798000.0,-463323000.0,-44104000.0,440078000.0,-847475000.0,232573000.0,130249000.0,232573000.0,232573000.0,433638000.0,408547000.0,10.0,78582000.0,152242000.0,-45013000.0,0.0,-542013000.0,94868000.0,-76476000.0,10.0,23.0,6.0,149.0,1076533000.0,10310000.0,1497000000.0,42000000.0,0.0,2868900000.0,1498763000.0,478810000.0,1668222000.0,1200678000.0,2868900000.0,3963313000.0,0.0,,,
1581,UAL,2015-12-31,7972000000.0,-15000000.0,-327000000.0,82.0,-2747000000.0,7946000000.0,42.0,3058000000.0,0.0,4000000.0,12130000000.0,63.0,2037000000.0,2826000000.0,1819000000.0,4839000000.0,4219000000.0,0.0,21580000000.0,4523000000.0,68.0,25734000000.0,-3121000000.0,4136000000.0,620000000.0,738000000.0,190000000.0,-728000000.0,10400000000.0,0.0,-1228000000.0,1004000000.0,5992000000.0,-2495000000.0,-2493000000.0,7340000000.0,-2264000000.0,7340000000.0,7340000000.0,1128000000.0,5166000000.0,14.0,757000000.0,740000000.0,-831000000.0,-13000000.0,64000000.0,6255000000.0,-160000000.0,11.0,47.0,19.0,57.0,3457000000.0,-1217000000.0,18423000000.0,1483000000.0,2190000000.0,40861000000.0,7828000000.0,12414000000.0,8966000000.0,31895000000.0,40861000000.0,37864000000.0,-1610000000.0,2015.0,19.52,376024590.16400003
1585,UDR,2015-12-31,209672000.0,0.0,253228000.0,12.0,-461374000.0,4447816000.0,,27540000.0,0.0,2618000.0,282037000.0,,0.0,0.0,399294000.0,223471000.0,101596000.0,0.0,6531627000.0,0.0,68.0,612601000.0,-3886000.0,0.0,121875000.0,0.0,-160676000.0,-9590000.0,3570795000.0,950681000.0,-95088000.0,-8482000.0,431615000.0,-201648000.0,-238449000.0,340383000.0,-311280000.0,336661000.0,105482000.0,16694000.0,159591000.0,18.0,137302000.0,0.0,-12678000.0,-19027000.0,379552000.0,0.0,-3968000.0,11.0,4.0,38.0,,-1584459000.0,210011000.0,71733000.0,36330000.0,0.0,7663844000.0,0.0,0.0,2899755000.0,4764089000.0,7663844000.0,894638000.0,0.0,2015.0,1.3,261833076.92299998
1589,UHS,2015-12-31,1037684000.0,-45814000.0,0.0,16.0,-912976000.0,0.0,6.0,61228000.0,0.0,983000.0,0.0,156.0,35357000.0,315900000.0,398618000.0,1259395000.0,1145901000.0,-1609000.0,3835978000.0,3596114000.0,100.0,9043451000.0,395203000.0,0.0,113494000.0,116037000.0,-3300000.0,90202000.0,3387303000.0,0.0,178999000.0,29159000.0,1020898000.0,-77245000.0,-912885000.0,680528000.0,36356000.0,680528000.0,680528000.0,1437549000.0,1259395000.0,14.0,448360000.0,103490000.0,-317857000.0,0.0,3391000.0,278834000.0,-209162000.0,13.0,27.0,8.0,146.0,4566521000.0,-201341000.0,7385438000.0,62722000.0,0.0,9634113000.0,1718304000.0,1100406000.0,4249647000.0,5384466000.0,9634113000.0,9043451000.0,0.0,2015.0,6.89,98770391.8723
1593,ULTA,2016-01-31,396227000.0,-12552000.0,1143000.0,22.0,-299167000.0,621715000.0,120.0,345840000.0,-180564000.0,641000.0,2539783000.0,347.0,8145000.0,381316000.0,165049000.0,507440000.0,507440000.0,0.0,847600000.0,0.0,35.0,1384333000.0,187432000.0,0.0,0.0,761793000.0,20209000.0,43322000.0,0.0,0.0,0.0,-43309000.0,375874000.0,-140225000.0,-278958000.0,320008000.0,15596000.0,320008000.0,320008000.0,64992000.0,506297000.0,13.0,0.0,72548000.0,0.0,0.0,0.0,10489000.0,25015000.0,13.0,35.0,8.0,155.0,832215000.0,-149722000.0,863354000.0,0.0,130000000.0,2230918000.0,1375173000.0,396227000.0,1442886000.0,788032000.0,2230918000.0,3924116000.0,-11685000.0,,,
1597,UNH,2016-12-31,29752000000.0,-1357000000.0,0.0,18.0,-1705000000.0,0.0,,10430000000.0,0.0,10000000.0,117038000000.0,,0.0,4729000000.0,2055000000.0,12930000000.0,11863000000.0,78000000.0,5901000000.0,47584000000.0,37.0,67802000000.0,4790000000.0,8541000000.0,1067000000.0,0.0,-5927000000.0,3141000000.0,32970000000.0,23868000000.0,990000000.0,-493000000.0,9795000000.0,-1011000000.0,-9355000000.0,7017000000.0,484000000.0,7017000000.0,7073000000.0,15651000000.0,12930000000.0,7.0,7990000000.0,0.0,-2681000000.0,1368000000.0,-1723000000.0,15170000000.0,-1601000000.0,6.0,31.0,4.0,,40945000000.0,-1108000000.0,0.0,7193000000.0,2845000000.0,122810000000.0,0.0,0.0,38274000000.0,84536000000.0,122810000000.0,184840000000.0,0.0,,,
1601,UNM,2015-12-31,6000000.0,29300000.0,0.0,10.0,-100200000.0,2247200000.0,,112900000.0,0.0,30300000.0,7209400000.0,,2008500000.0,91800000.0,99500000.0,1391100000.0,1238300000.0,0.0,523900000.0,230900000.0,33.0,3521900000.0,371200000.0,0.0,152800000.0,0.0,-558500000.0,313900000.0,3242900000.0,49919200000.0,45100000.0,10400000.0,1292100000.0,-568700000.0,-713000000.0,867100000.0,-150300000.0,867100000.0,867100000.0,6323500000.0,1238300000.0,12.0,663500000.0,0.0,16100000.0,-28100000.0,-54300000.0,48585100000.0,132600000.0,12.0,14.0,8.0,,7995200000.0,-411500000.0,835100000.0,352400000.0,807300000.0,60589700000.0,0.0,0.0,8663900000.0,51925800000.0,60589700000.0,10731300000.0,-1624900000.0,2015.0,3.51,247037037.037
1605,UNP,2016-12-31,2882000000.0,98000000.0,192000000.0,21.0,-3505000000.0,4421000000.0,37.0,1277000000.0,19000000.0,2777000000.0,3747000000.0,99.0,0.0,15996000000.0,2038000000.0,7464000000.0,6766000000.0,0.0,50389000000.0,0.0,81.0,16194000000.0,2533000000.0,0.0,698000000.0,717000000.0,-60000000.0,606000000.0,14249000000.0,1457000000.0,970000000.0,-114000000.0,7525000000.0,-4246000000.0,-3393000000.0,4233000000.0,509000000.0,4233000000.0,4233000000.0,1258000000.0,7272000000.0,36.0,276000000.0,284000000.0,-1272000000.0,-232000000.0,172000000.0,1901000000.0,22000000.0,34.0,34.0,21.0,79.0,32587000000.0,-3105000000.0,6884000000.0,758000000.0,60000000.0,55718000000.0,3596000000.0,3640000000.0,19932000000.0,35786000000.0,55718000000.0,19941000000.0,-18581000000.0,,,
1609,UPS,2015-12-31,5497000000.0,-452000000.0,15000000.0,196.0,-2379000000.0,0.0,44.0,2730000000.0,0.0,9000000.0,12947000000.0,123.0,255000000.0,115000000.0,2084000000.0,7683000000.0,7342000000.0,-117000000.0,18352000000.0,3419000000.0,78.0,45416000000.0,2498000000.0,1549000000.0,341000000.0,0.0,-1022000000.0,-216000000.0,11316000000.0,473000000.0,3588000000.0,439000000.0,7430000000.0,-1565000000.0,-5309000000.0,4844000000.0,809000000.0,4844000000.0,4844000000.0,7134000000.0,7668000000.0,13.0,1055000000.0,1348000000.0,-3489000000.0,-175000000.0,-1908000000.0,13693000000.0,361000000.0,13.0,297.0,8.0,123.0,6001000000.0,-2453000000.0,35664000000.0,3735000000.0,1996000000.0,38311000000.0,13208000000.0,10696000000.0,2470000000.0,35841000000.0,38311000000.0,58363000000.0,-51000000.0,2015.0,5.38,900371747.212
1613,URBN,2016-01-31,329231000.0,-13820000.0,-3548000.0,20.0,-134950000.0,0.0,99.0,265276000.0,26739000.0,12000.0,2243232000.0,253.0,99203000.0,216843000.0,142722000.0,350031000.0,350031000.0,-3107000.0,863137000.0,0.0,35.0,1201902000.0,125542000.0,0.0,0.0,330223000.0,108185000.0,-3940000.0,150000000.0,36600000.0,150000000.0,110718000.0,413420000.0,-272830000.0,-26765000.0,224489000.0,33419000.0,224489000.0,224489000.0,75723000.0,353579000.0,10.0,0.0,102078000.0,-23451000.0,-475424000.0,0.0,0.0,3811000.0,10.0,31.0,7.0,153.0,1160666000.0,46400000.0,848323000.0,0.0,61061000.0,1833301000.0,834361000.0,329231000.0,1137227000.0,696074000.0,1833301000.0,3445134000.0,0.0,2016.0,1.79,125412849.162
1617,USB,2016-07-31,241800000.0,8500000.0,3900000.0,25.0,-72900000.0,0.0,45.0,243200000.0,29100000.0,758200000.0,1465500000.0,186.0,0.0,3100000.0,74900000.0,278100000.0,257400000.0,-2200000.0,469800000.0,229300000.0,34.0,754800000.0,66600000.0,38500000.0,20700000.0,234100000.0,28000000.0,-30700000.0,351800000.0,0.0,-15400000.0,53300000.0,286100000.0,-175000000.0,-55600000.0,190800000.0,12700000.0,190800000.0,190800000.0,481400000.0,274200000.0,12.0,41300000.0,51000000.0,-188900000.0,0.0,-10700000.0,118500000.0,800000.0,12.0,34.0,9.0,143.0,905100000.0,-71100000.0,425100000.0,216700000.0,0.0,1788600000.0,1009700000.0,543800000.0,767400000.0,1021200000.0,1788600000.0,2220300000.0,-707000000.0,,,
1621,UTX,2016-12-31,19702000000.0,-941000000.0,0.0,18.0,-1699000000.0,0.0,33.0,7157000000.0,-719000000.0,17285000000.0,41460000000.0,130.0,1809000000.0,0.0,1962000000.0,8172000000.0,7133000000.0,-120000000.0,9158000000.0,27059000000.0,28.0,15784000000.0,1697000000.0,15684000000.0,1039000000.0,8704000000.0,28000000.0,147000000.0,21697000000.0,1398000000.0,3686000000.0,69000000.0,6412000000.0,-1188000000.0,-2509000000.0,5055000000.0,313000000.0,5055000000.0,5065000000.0,11481000000.0,8172000000.0,14.0,6048000000.0,1208000000.0,-8429000000.0,-564000000.0,-838000000.0,16638000000.0,-2312000000.0,12.0,26.0,9.0,91.0,52873000000.0,-2241000000.0,5275000000.0,2204000000.0,0.0,89706000000.0,28550000000.0,21906000000.0,27579000000.0,62127000000.0,89706000000.0,57244000000.0,-34150000000.0,,,
1625,V,2016-09-30,3005000000.0,326000000.0,556000000.0,18.0,-523000000.0,17395000000.0,124.0,6646000000.0,0.0,0.0,2226000000.0,178.0,0.0,6033000000.0,502000000.0,8439000000.0,8012000000.0,-34000000.0,2150000000.0,15066000000.0,85.0,12856000000.0,2021000000.0,27234000000.0,427000000.0,0.0,-1311000000.0,-29000000.0,15882000000.0,3931000000.0,15924000000.0,2101000000.0,5574000000.0,7477000000.0,-10916000000.0,5991000000.0,2607000000.0,5991000000.0,5991000000.0,2508000000.0,7883000000.0,52.0,1341000000.0,1840000000.0,-492000000.0,0.0,-9082000000.0,1162000000.0,-3823000000.0,53.0,24.0,40.0,178.0,10462000000.0,-7062000000.0,4469000000.0,2084000000.0,3319000000.0,64035000000.0,14313000000.0,8046000000.0,32912000000.0,31123000000.0,64035000000.0,15082000000.0,-170000000.0,2016.0,,
1629,VAR,2016-09-30,613800000.0,-168300000.0,17400000.0,23.0,-80400000.0,678600000.0,58.0,843500000.0,-27700000.0,93700000.0,1856500000.0,162.0,138900000.0,0.0,79800000.0,568200000.0,556400000.0,-3300000.0,379200000.0,294700000.0,42.0,1361300000.0,153700000.0,104700000.0,11800000.0,639700000.0,-8100000.0,30500000.0,287500000.0,0.0,167100000.0,-2000000.0,356300000.0,-245800000.0,-109200000.0,402300000.0,31300000.0,402300000.0,402300000.0,891800000.0,550800000.0,17.0,282500000.0,145700000.0,-100800000.0,-5100000.0,-20700000.0,160000000.0,8000000.0,17.0,32.0,13.0,122.0,1069000000.0,-411700000.0,557000000.0,379600000.0,95300000.0,3816000000.0,2616000000.0,1614000000.0,1740500000.0,2075500000.0,3816000000.0,3217800000.0,0.0,2016.0,4.22,95331753.5545
1633,VFC,2016-01-02,1478844000.0,-124248000.0,8807000.0,23.0,-254501000.0,3192675000.0,49.0,945605000.0,-175098000.0,106654000.0,6393800000.0,214.0,0.0,0.0,272075000.0,1669803000.0,1580389000.0,-66683000.0,988159000.0,1788407000.0,48.0,5982944000.0,348796000.0,2112619000.0,89414000.0,1611994000.0,0.0,-52994000.0,1401820000.0,0.0,428287000.0,-26290000.0,1146510000.0,-783295000.0,-322822000.0,1231593000.0,-7417000.0,1231593000.0,1231593000.0,1319558000.0,1660996000.0,13.0,587221000.0,285979000.0,-1043222000.0,0.0,-68321000.0,911171000.0,2599000.0,13.0,29.0,10.0,131.0,3128731000.0,-701752000.0,4178386000.0,462869000.0,0.0,9639542000.0,4163136000.0,1941713000.0,5384838000.0,4254704000.0,9639542000.0,12376744000.0,0.0,2015.0,2.9,424687241.379
1637,VIAB,2016-09-30,1226000000.0,149000000.0,-7000000.0,34.0,-172000000.0,10139000000.0,10.0,379000000.0,-5102000000.0,0.0,6684000000.0,123.0,0.0,381000000.0,4789000000.0,2606000000.0,1990000000.0,-26000000.0,4964000000.0,11400000000.0,46.0,5804000000.0,519000000.0,315000000.0,616000000.0,844000000.0,0.0,-229000000.0,11896000000.0,0.0,-368000000.0,-127000000.0,1371000000.0,-1173000000.0,-299000000.0,1438000000.0,332000000.0,1438000000.0,1471000000.0,2712000000.0,2526000000.0,20.0,1307000000.0,587000000.0,-692000000.0,-81000000.0,-127000000.0,2018000000.0,-41000000.0,16.0,47.0,12.0,100.0,15628000000.0,-89000000.0,2851000000.0,17000000.0,0.0,22508000000.0,4522000000.0,3672000000.0,4277000000.0,18231000000.0,22508000000.0,12488000000.0,-20798000000.0,2016.0,3.63,396143250.689
1641,VLO,2015-12-31,7233000000.0,0.0,46000000.0,19.0,-1618000000.0,7064000000.0,56.0,4114000000.0,0.0,7000000.0,74651000000.0,203.0,2668000000.0,6768000000.0,1842000000.0,6404000000.0,5971000000.0,-154000000.0,26703000000.0,0.0,15.0,13153000000.0,1870000000.0,0.0,433000000.0,5898000000.0,0.0,0.0,7250000000.0,0.0,933000000.0,425000000.0,5611000000.0,-2545000000.0,-2487000000.0,3990000000.0,955000000.0,3990000000.0,4101000000.0,4756000000.0,6358000000.0,7.0,0.0,204000000.0,-933000000.0,25000000.0,-869000000.0,1611000000.0,-1287000000.0,7.0,29.0,5.0,123.0,25188000000.0,-2610000000.0,4953000000.0,127000000.0,0.0,44343000000.0,14972000000.0,7360000000.0,20527000000.0,23816000000.0,44343000000.0,87804000000.0,-10799000000.0,2015.0,8.0,498750000.0
1645,VMC,2015-12-31,353349000.0,-42164000.0,8594000.0,5.0,-289262000.0,2822578000.0,81.0,285210000.0,-20925000.0,133172000.0,2564648000.0,307.0,0.0,904736000.0,274823000.0,548445000.0,327857000.0,0.0,3156290000.0,3094824000.0,25.0,857533000.0,94943000.0,766579000.0,220588000.0,347073000.0,0.0,10394000.0,1980334000.0,40558000.0,-60060000.0,142787000.0,503378000.0,-50849000.0,-309742000.0,221177000.0,46042000.0,221177000.0,232914000.0,418024000.0,549778000.0,16.0,158790000.0,34284000.0,-120069000.0,-65000.0,-20480000.0,608895000.0,14031000.0,10.0,7.0,6.0,209.0,1618507000.0,51496000.0,312694000.0,130000.0,0.0,8301632000.0,1084591000.0,353479000.0,4454188000.0,3847444000.0,8301632000.0,3422181000.0,0.0,2015.0,1.66,133239156.627
1649,VNO,2016-12-31,458694000.0,-7459000.0,669556000.0,13.0,-1055574000.0,7153332000.0,,1599322000.0,0.0,7542000.0,1024336000.0,,454345000.0,409220000.0,542068000.0,1385736000.0,983062000.0,0.0,14826384000.0,0.0,59.0,1481866000.0,8312000.0,192731000.0,402674000.0,0.0,12847000.0,12559000.0,10611685000.0,2093855000.0,466751000.0,-334680000.0,1000667000.0,-446154000.0,-889193000.0,906917000.0,-450280000.0,823606000.0,974750000.0,1127203000.0,550791000.0,22.0,521007000.0,0.0,118972000.0,0.0,153534000.0,438306000.0,-78143000.0,39.0,14.0,36.0,,-1419382000.0,-226217000.0,179279000.0,0.0,0.0,20814847000.0,0.0,0.0,6898519000.0,13916328000.0,20814847000.0,2506202000.0,0.0,,,
1653,VRSK,2015-12-31,247495000.0,-14609000.0,17003000.0,37.0,-166138000.0,2023390000.0,10.0,138348000.0,0.0,137000.0,803274000.0,41.0,0.0,396430000.0,228383000.0,838752000.0,717436000.0,606000.0,418168000.0,3134826000.0,61.0,1264736000.0,209859000.0,1376745000.0,121316000.0,0.0,85309000.0,-63307000.0,2293179000.0,0.0,1733966000.0,98989000.0,623687000.0,2481013000.0,-3006317000.0,507577000.0,-97937000.0,507577000.0,507577000.0,368952000.0,736562000.0,36.0,81619000.0,93693000.0,-242052000.0,-8381000.0,-2925488000.0,75050000.0,63580000.0,35.0,52.0,25.0,41.0,2161726000.0,739223000.0,312690000.0,874811000.0,3576000.0,5615927000.0,604569000.0,1479257000.0,1372011000.0,4243916000.0,5615927000.0,2068010000.0,-2571190000.0,2015.0,3.07,165334527.687
1657,VRSN,2015-12-31,188171000.0,661000.0,-10665000.0,35.0,-40656000.0,17558822000.0,127.0,228659000.0,0.0,323000.0,192788000.0,131.0,17361000.0,575053000.0,73783000.0,595281000.0,487650000.0,246000.0,295570000.0,52527000.0,82.0,866578000.0,112414000.0,0.0,107631000.0,0.0,-452302000.0,92001000.0,1235354000.0,0.0,492237000.0,37051000.0,651482000.0,-117778000.0,-496899000.0,375236000.0,29201000.0,375236000.0,375236000.0,12638000.0,605946000.0,57.0,24355000.0,39856000.0,-3993000.0,0.0,-3941000.0,114797000.0,80600000.0,46.0,46.0,35.0,131.0,-18625599000.0,-628479000.0,196914000.0,634326000.0,1686771000.0,2357737000.0,1967924000.0,1502980000.0,-1070447000.0,3428184000.0,2357737000.0,1059366000.0,0.0,2015.0,3.29,114053495.441
1661,VRTX,2015-12-31,380762000.0,-104847000.0,-6715000.0,59.0,-45302000.0,6197500000.0,221.0,793678000.0,-23146000.0,2427000.0,124512000.0,278.0,0.0,120153000.0,62343000.0,-473594000.0,-557800000.0,-2834000.0,697715000.0,50384000.0,88.0,907824000.0,30381000.0,284340000.0,84206000.0,57207000.0,404402000.0,51303000.0,739503000.0,30000000.0,3327000.0,89509000.0,-365432000.0,188919000.0,268856000.0,-556334000.0,246356000.0,-556334000.0,-588181000.0,177639000.0,-466879000.0,45.0,29283000.0,50935000.0,1824000.0,0.0,-90244000.0,39242000.0,-9260000.0,54.0,59.0,54.0,267.0,-5261784000.0,185592000.0,376575000.0,87023000.0,327694000.0,2498875000.0,1407153000.0,506349000.0,939967000.0,1558908000.0,2498875000.0,1032336000.0,0.0,2015.0,-2.31,240837229.437
1665,VTR,2016-12-31,991690000.0,0.0,-1903000.0,6.0,-1690215000.0,12917002000.0,,286707000.0,0.0,88514000.0,1442073000.0,,0.0,316641000.0,888945000.0,941027000.0,521287000.0,-852000.0,18884125000.0,1033225000.0,58.0,2000573000.0,-31343000.0,1510629000.0,419740000.0,0.0,161447000.0,-40979000.0,11127326000.0,95921000.0,-171087000.0,234536000.0,1367457000.0,101722000.0,-1234643000.0,651490000.0,-137559000.0,649231000.0,554209000.0,702021000.0,940151000.0,27.0,518364000.0,0.0,-57534000.0,22136000.0,294125000.0,1462000.0,5560000.0,15.0,5.0,19.0,,-2487695000.0,1291160000.0,136863000.0,0.0,80647000.0,23166600000.0,0.0,0.0,10460240000.0,12706360000.0,23166600000.0,3442646000.0,-47000.0,,,
1669,VZ,2015-12-31,19362000000.0,-945000000.0,186000000.0,109.0,-17775000000.0,11196000000.0,14.0,4470000000.0,-99000000.0,424000000.0,52557000000.0,64.0,0.0,45484000000.0,16017000000.0,33160000000.0,28240000000.0,0.0,93808000000.0,25331000000.0,60.0,79063000000.0,9865000000.0,94913000000.0,4920000000.0,1252000000.0,0.0,2545000000.0,103705000000.0,796000000.0,-3017000000.0,-6128000000.0,38930000000.0,-15015000000.0,-30043000000.0,17879000000.0,3506000000.0,17879000000.0,17793000000.0,13457000000.0,33060000000.0,25.0,7512000000.0,2751000000.0,978000000.0,1634000000.0,-12268000000.0,42557000000.0,-469000000.0,21.0,172.0,14.0,60.0,11246000000.0,-5094000000.0,29986000000.0,6489000000.0,350000000.0,244640000000.0,22280000000.0,35052000000.0,16428000000.0,228212000000.0,244640000000.0,131620000000.0,-7416000000.0,2015.0,4.38,4081963470.32
1673,WAT,2015-12-31,153469000.0,-49888000.0,10711000.0,23.0,-100012000.0,1490342000.0,425.0,487665000.0,-19967000.0,1577000.0,842672000.0,570.0,0.0,0.0,89987000.0,578162000.0,541919000.0,-25472000.0,333355000.0,356864000.0,59.0,1199660000.0,72866000.0,218022000.0,36243000.0,263415000.0,-278387000.0,54738000.0,1493027000.0,0.0,205079000.0,65488000.0,560293000.0,-69594000.0,-399739000.0,469053000.0,44501000.0,469053000.0,469053000.0,468315000.0,567451000.0,28.0,146903000.0,82540000.0,-146726000.0,0.0,-21340000.0,152723000.0,-28131000.0,27.0,26.0,23.0,523.0,4863566000.0,-282645000.0,495747000.0,175309000.0,1911598000.0,4268677000.0,3213533000.0,564076000.0,2058851000.0,2209826000.0,4268677000.0,2042332000.0,-4149908000.0,2015.0,5.7,82290000.0
1677,WDC,2016-07-01,3615000000.0,351000000.0,-47000000.0,2.0,-584000000.0,4429000000.0,121.0,8151000000.0,306000000.0,3000000.0,9559000000.0,181.0,0.0,0.0,1190000000.0,419000000.0,153000000.0,1000000.0,3503000000.0,9951000000.0,26.0,3435000000.0,-89000000.0,5034000000.0,266000000.0,2129000000.0,811000000.0,-291000000.0,13660000000.0,1171000000.0,11929000000.0,3127000000.0,1983000000.0,10751000000.0,-9608000000.0,242000000.0,174000000.0,242000000.0,242000000.0,1461000000.0,466000000.0,4.0,619000000.0,616000000.0,103000000.0,-50000000.0,-9835000000.0,1108000000.0,11000000.0,1.0,1.0,2.0,150.0,8848000000.0,-556000000.0,1342000000.0,3334000000.0,227000000.0,32862000000.0,12584000000.0,6949000000.0,11145000000.0,21717000000.0,32862000000.0,12994000000.0,-2238000000.0,2016.0,1.01,239603960.396
1681,WEC,2015-12-31,985100000.0,84000000.0,58900000.0,7.0,-1266200000.0,4347200000.0,2.0,49800000.0,-69400000.0,3200000.0,3949400000.0,81.0,0.0,5201700000.0,583500000.0,1405500000.0,1074100000.0,0.0,19189700000.0,3023500000.0,33.0,1976700000.0,433800000.0,0.0,331400000.0,687000000.0,-1338600000.0,4800000.0,9124100000.0,1466700000.0,1783400000.0,-12100000.0,1293600000.0,1211800000.0,-2517500000.0,640300000.0,297700000.0,638500000.0,736400000.0,1028600000.0,1250500000.0,21.0,3468500000.0,441400000.0,4600000.0,-18900000.0,87300000.0,3635200000.0,-247300000.0,18.0,12.0,11.0,56.0,4299800000.0,-97300000.0,164400000.0,1252700000.0,0.0,29355200000.0,2206800000.0,2709000000.0,8685200000.0,20670000000.0,29355200000.0,5926100000.0,0.0,2015.0,2.36,271313559.322
1685,WFC,2015-12-31,73365000000.0,-623000000.0,0.0,12.0,0.0,60714000000.0,,713998000000.0,0.0,9136000000.0,963000000.0,,0.0,0.0,3288000000.0,36654000000.0,33641000000.0,0.0,8704000000.0,25529000000.0,0.0,0.0,10365000000.0,0.0,3013000000.0,0.0,-112947000000.0,-6804000000.0,0.0,1362068000000.0,49707000000.0,-460000000.0,14772000000.0,92003000000.0,-107235000000.0,22894000000.0,-47580000000.0,21470000000.0,22894000000.0,0.0,0.0,0.0,102090000000.0,0.0,-1065000000.0,55353000000.0,5712000000.0,0.0,-4029000000.0,37.0,17.0,25.0,,120866000000.0,-4231000000.0,48728000000.0,97528000000.0,0.0,1787632000000.0,0.0,0.0,192998000000.0,1594634000000.0,1787632000000.0,90033000000.0,-18867000000.0,2015.0,4.18,5477033492.82
1689,WFM,2016-09-25,757000000.0,-24000000.0,11000000.0,16.0,-321000000.0,0.0,64.0,473000000.0,-11000000.0,2933000000.0,10313000000.0,147.0,100000000.0,640000000.0,499000000.0,868000000.0,827000000.0,6000000.0,3442000000.0,710000000.0,34.0,5411000000.0,320000000.0,74000000.0,41000000.0,517000000.0,-162000000.0,60000000.0,1048000000.0,0.0,993000000.0,114000000.0,1116000000.0,-113000000.0,-895000000.0,507000000.0,144000000.0,507000000.0,507000000.0,439000000.0,857000000.0,5.0,40000000.0,167000000.0,-32000000.0,-8000000.0,-412000000.0,88000000.0,-59000000.0,5.0,26.0,3.0,109.0,2349000000.0,-925000000.0,4477000000.0,3000000.0,379000000.0,6341000000.0,1975000000.0,1341000000.0,3224000000.0,3117000000.0,6341000000.0,15724000000.0,-2026000000.0,2016.0,1.55,327096774.194
1693,WHR,2016-12-31,6197000000.0,-291000000.0,-79000000.0,19.0,-660000000.0,2672000000.0,14.0,1085000000.0,-18000000.0,111000000.0,17036000000.0,96.0,2154000000.0,0.0,655000000.0,1275000000.0,1114000000.0,-24000000.0,3810000000.0,2956000000.0,18.0,3682000000.0,186000000.0,2552000000.0,161000000.0,2623000000.0,-12000000.0,48000000.0,3876000000.0,0.0,545000000.0,313000000.0,1203000000.0,-278000000.0,-588000000.0,888000000.0,0.0,888000000.0,888000000.0,2711000000.0,1354000000.0,7.0,342000000.0,920000000.0,-2400000000.0,-5000000.0,84000000.0,1887000000.0,-119000000.0,5.0,23.0,4.0,62.0,7314000000.0,-524000000.0,2084000000.0,594000000.0,0.0,19153000000.0,7339000000.0,7662000000.0,4773000000.0,13425000000.0,18198000000.0,20718000000.0,-2924000000.0,,,
1697,WLTW,2015-12-31,45000000.0,-155000000.0,55000000.0,17.0,-146000000.0,1672000000.0,,532000000.0,0.0,0.0,0.0,,76000000.0,992000000.0,182000000.0,482000000.0,340000000.0,-44000000.0,563000000.0,3737000000.0,100.0,3829000000.0,-33000000.0,1115000000.0,142000000.0,0.0,3000000.0,928000000.0,3266000000.0,13000000.0,890000000.0,-59000000.0,243000000.0,641000000.0,-943000000.0,373000000.0,-144000000.0,373000000.0,373000000.0,1258000000.0,427000000.0,11.0,11545000000.0,0.0,-1037000000.0,7000000.0,-800000000.0,12123000000.0,-952000000.0,9.0,15.0,10.0,,1597000000.0,37000000.0,2306000000.0,988000000.0,0.0,18839000000.0,0.0,0.0,2229000000.0,16610000000.0,18839000000.0,3829000000.0,-3000000.0,2015.0,,
1701,WM,2016-12-31,1884000000.0,-78000000.0,-54000000.0,22.0,-1339000000.0,4850000000.0,1.0,32000000.0,0.0,6000000.0,8486000000.0,85.0,0.0,1482000000.0,1392000000.0,2198000000.0,1822000000.0,0.0,10950000000.0,6215000000.0,38.0,5123000000.0,642000000.0,591000000.0,376000000.0,90000000.0,-21000000.0,89000000.0,8893000000.0,320000000.0,373000000.0,-7000000.0,2960000000.0,-1035000000.0,-1932000000.0,1182000000.0,311000000.0,1182000000.0,1134000000.0,2132000000.0,2296000000.0,17.0,407000000.0,122000000.0,-80000000.0,-47000000.0,-572000000.0,2370000000.0,66000000.0,13.0,34.0,9.0,82.0,7388000000.0,-663000000.0,1410000000.0,417000000.0,0.0,20859000000.0,2376000000.0,2794000000.0,5297000000.0,15562000000.0,20859000000.0,13609000000.0,-6867000000.0,,,
1705,WMB,2015-12-31,1822000000.0,39000000.0,129000000.0,9.0,-3167000000.0,14807000000.0,4.0,100000000.0,105000000.0,784000000.0,3434000000.0,61.0,0.0,4218000000.0,1820000000.0,-669000000.0,-1713000000.0,0.0,29579000000.0,47000000.0,53.0,3926000000.0,-399000000.0,9970000000.0,1044000000.0,127000000.0,-707000000.0,-64000000.0,23812000000.0,7336000000.0,2915000000.0,-140000000.0,2678000000.0,481000000.0,-3299000000.0,-571000000.0,2335000000.0,-571000000.0,-1314000000.0,1083000000.0,226000000.0,3.0,561000000.0,217000000.0,-442000000.0,395000000.0,575000000.0,2268000000.0,-243000000.0,23.0,28.0,8.0,56.0,-7960000000.0,197000000.0,864000000.0,675000000.0,0.0,49020000000.0,1527000000.0,2497000000.0,6148000000.0,42872000000.0,49020000000.0,7360000000.0,-1041000000.0,2015.0,-0.76,751315789.474
1709,WMT,2016-01-31,58615000000.0,-19000000.0,81000000.0,18.0,-11477000000.0,1805000000.0,13.0,8705000000.0,-703000000.0,317000000.0,360984000000.0,93.0,0.0,7321000000.0,9454000000.0,24186000000.0,21638000000.0,-1022000000.0,116516000000.0,16695000000.0,25.0,121146000000.0,6558000000.0,0.0,2548000000.0,44469000000.0,0.0,2839000000.0,44030000000.0,0.0,-3158000000.0,-430000000.0,27389000000.0,-16122000000.0,-10675000000.0,14694000000.0,738000000.0,14694000000.0,15080000000.0,5624000000.0,24105000000.0,5.0,6131000000.0,1441000000.0,-11597000000.0,-513000000.0,802000000.0,0.0,0.0,4.0,27.0,3.0,24.0,90021000000.0,-5438000000.0,97041000000.0,6004000000.0,0.0,199581000000.0,60239000000.0,64619000000.0,80546000000.0,119035000000.0,199581000000.0,482130000000.0,0.0,2016.0,4.58,3208296943.23
1712,WRK,2016-09-30,1460300000.0,36600000.0,61300000.0,4.0,-796700000.0,10458600000.0,17.0,366400000.0,50600000.0,2500000.0,11413200000.0,179.0,0.0,3130700000.0,1146500000.0,501300000.0,244600000.0,6600000.0,9294300000.0,4778100000.0,19.0,2758600000.0,89800000.0,2599300000.0,256700000.0,1638200000.0,-174200000.0,-29300000.0,5496300000.0,0.0,561700000.0,112600000.0,1688400000.0,-231000000.0,-1351400000.0,-389900000.0,957600000.0,-396300000.0,154800000.0,1592200000.0,430300000.0,3.0,2453900000.0,315800000.0,-626400000.0,-51700000.0,-380500000.0,2384500000.0,-83700000.0,2.0,3.0,3.0,104.0,-105900000.0,-323500000.0,1750100000.0,292900000.0,0.0,23038200000.0,3912600000.0,2183000000.0,9728800000.0,13309400000.0,23038200000.0,14171800000.0,0.0,2016.0,-1.56,249935897.436
1716,WU,2015-12-31,1090700000.0,0.0,300000.0,60.0,-94400000.0,566500000.0,16.0,1315900000.0,0.0,5000000.0,3199400000.0,57.0,0.0,0.0,270200000.0,1109700000.0,941800000.0,0.0,231800000.0,3163800000.0,42.0,2284300000.0,104000000.0,705000000.0,167900000.0,0.0,-19900000.0,46700000.0,0.0,0.0,-500000000.0,-467300000.0,1071100000.0,-1252000000.0,-286400000.0,837800000.0,23800000.0,837800000.0,837800000.0,0.0,1109400000.0,20.0,733700000.0,3308700000.0,-143900000.0,0.0,-172100000.0,0.0,-107400000.0,17.0,67.0,15.0,57.0,977300000.0,-435500000.0,1174900000.0,3225600000.0,0.0,9458900000.0,4624600000.0,8054000000.0,1404900000.0,8054000000.0,9458900000.0,5483700000.0,0.0,2015.0,1.63,513987730.061
1720,WY,2015-12-31,875000000.0,17000000.0,36000000.0,10.0,-479000000.0,0.0,116.0,1012000000.0,10000000.0,638000000.0,5694000000.0,248.0,4000000.0,86000000.0,479000000.0,850000000.0,503000000.0,0.0,9261000000.0,40000000.0,20.0,1388000000.0,-3000000.0,0.0,347000000.0,568000000.0,0.0,-118000000.0,4891000000.0,74000000.0,0.0,-568000000.0,1064000000.0,-1145000000.0,-487000000.0,506000000.0,202000000.0,462000000.0,506000000.0,517000000.0,919000000.0,13.0,933000000.0,77000000.0,2868000000.0,2000000.0,-8000000.0,1765000000.0,-32000000.0,7.0,10.0,7.0,184.0,1349000000.0,-484000000.0,420000000.0,0.0,0.0,12486000000.0,2174000000.0,875000000.0,4869000000.0,7617000000.0,12486000000.0,7082000000.0,0.0,2015.0,0.89,568539325.843
1724,WYN,2015-12-31,1221000000.0,-341000000.0,19000000.0,64.0,-222000000.0,3923000000.0,9.0,171000000.0,-25000000.0,2000000.0,2700000000.0,96.0,0.0,1450000000.0,234000000.0,1041000000.0,916000000.0,-26000000.0,2363000000.0,1563000000.0,51.0,2836000000.0,304000000.0,1123000000.0,125000000.0,295000000.0,-17000000.0,130000000.0,4955000000.0,2438000000.0,171000000.0,-12000000.0,991000000.0,-675000000.0,-302000000.0,612000000.0,358000000.0,612000000.0,612000000.0,984000000.0,1015000000.0,18.0,360000000.0,419000000.0,-74000000.0,18000000.0,-63000000.0,401000000.0,23000000.0,17.0,96.0,11.0,80.0,1592000000.0,-658000000.0,1574000000.0,253000000.0,0.0,9716000000.0,1869000000.0,1957000000.0,950000000.0,8766000000.0,9716000000.0,5536000000.0,-4493000000.0,2015.0,5.18,118146718.14700001
1728,WYNN,2015-12-31,657762000.0,47011000.0,-70484000.0,174.0,-1921240000.0,983131000.0,198.0,2080089000.0,-23613000.0,1146000.0,2530374000.0,226.0,104367000.0,36357000.0,342414000.0,590153000.0,289247000.0,412000.0,7477478000.0,0.0,38.0,1545509000.0,7723000.0,110972000.0,300906000.0,74493000.0,-3660000.0,-220361000.0,9212765000.0,136983000.0,1916725000.0,-102075000.0,572813000.0,1216258000.0,-1891558000.0,195290000.0,145838000.0,195290000.0,71109000.0,187887000.0,658814000.0,16.0,186681000.0,48012000.0,1092000.0,0.0,33342000.0,141121000.0,0.0,7.0,258.0,5.0,219.0,55332000.0,-8564000.0,475328000.0,0.0,115297000.0,10522259000.0,2505778000.0,1110171000.0,-111979000.0,10634238000.0,10522259000.0,4075883000.0,-1152680000.0,2015.0,1.93,101186528.49700001
1732,XEC,2015-12-31,396636000.0,186699000.0,24822000.0,86.0,-1049636000.0,2762976000.0,190.0,779382000.0,0.0,948000.0,519874000.0,263.0,0.0,352705000.0,778923000.0,-3727227000.0,-3782384000.0,0.0,3506155000.0,620232000.0,64.0,932745000.0,-1373436000.0,0.0,55157000.0,54579000.0,0.0,-276735000.0,1485620000.0,501000.0,-24633000.0,373520000.0,691500000.0,690625000.0,-1008605000.0,-2408948000.0,2373607000.0,-2408948000.0,-2408948000.0,218425000.0,-3740803000.0,258.0,38468000.0,25544000.0,441000.0,0.0,41031000.0,197216000.0,37954000.0,260.0,135.0,166.0,250.0,33313000.0,773539000.0,179867000.0,0.0,0.0,5243286000.0,1077930000.0,410067000.0,2797678000.0,2445608000.0,5243286000.0,1452619000.0,0.0,2015.0,-25.92,92937808.642
1736,XEL,2015-12-31,1728410000.0,139451000.0,87584000.0,9.0,-3683359000.0,5889106000.0,2.0,84940000.0,-11240000.0,1268839000.0,7033633000.0,72.0,0.0,6530391000.0,1249338000.0,2122486000.0,1527204000.0,0.0,31205851000.0,0.0,36.0,3990853000.0,542719000.0,0.0,595282000.0,608584000.0,-22443000.0,-175214000.0,12490719000.0,1954078000.0,1201830000.0,5332000.0,3025839000.0,602267000.0,-3622774000.0,984485000.0,716728000.0,984485000.0,1018875000.0,1519692000.0,2000512000.0,18.0,2983161000.0,697229000.0,-109753000.0,0.0,55791000.0,5373208000.0,122291000.0,14.0,14.0,9.0,57.0,3552728000.0,7011000.0,865817000.0,1532860000.0,0.0,39053535000.0,2910445000.0,4058297000.0,10600920000.0,28452615000.0,39053535000.0,11024486000.0,0.0,2015.0,1.94,507466494.845
1740,XL,2015-12-31,2117727000.0,158487000.0,312311000.0,10.0,0.0,8910167000.0,,3411228000.0,0.0,2947000.0,6199645000.0,,1172879000.0,120651000.0,330770000.0,1114246000.0,909031000.0,-64377000.0,0.0,0.0,33.0,3109281000.0,-19161000.0,2210266000.0,205215000.0,0.0,905906000.0,-427856000.0,4762697000.0,37826830000.0,893153000.0,734422000.0,615556000.0,46811000.0,136432000.0,1201560000.0,-415658000.0,1207152000.0,928192000.0,10625023000.0,909031000.0,10.0,2758992000.0,0.0,686616000.0,-84758000.0,-769474000.0,38976751000.0,-343526000.0,10.0,8.0,13.0,,2077349000.0,-435385000.0,0.0,1168376000.0,677720000.0,58682938000.0,0.0,0.0,11677079000.0,47005859000.0,58682938000.0,9308926000.0,0.0,2015.0,4.22,284729857.82
1744,XLNX,2016-04-02,307222000.0,-60843000.0,0.0,21.0,-34004000.0,726921000.0,353.0,503816000.0,52323000.0,2537000.0,671907000.0,414.0,0.0,261467000.0,80489000.0,669881000.0,636825000.0,0.0,283346000.0,159296000.0,70.0,1541974000.0,85958000.0,6202000.0,33056000.0,178550000.0,-379982000.0,-21117000.0,995835000.0,220807000.0,0.0,-388756000.0,730102000.0,-694922000.0,-423936000.0,550867000.0,141589000.0,550867000.0,550867000.0,307458000.0,669881000.0,30.0,234570000.0,95226000.0,-6631000.0,0.0,-9950000.0,16979000.0,-13206000.0,29.0,25.0,25.0,395.0,1867066000.0,-392087000.0,331652000.0,587106000.0,2833883000.0,4823154000.0,3918933000.0,946086000.0,2589893000.0,2233261000.0,4823154000.0,2213881000.0,0.0,2016.0,2.14,257414485.98099998
1748,XOM,2015-12-31,35214000000.0,4692000000.0,1750000000.0,9.0,-26490000000.0,0.0,7.0,3705000000.0,-379000000.0,11612000000.0,165590000000.0,79.0,0.0,36818000000.0,18048000000.0,22277000000.0,21966000000.0,-394000000.0,251605000000.0,0.0,36.0,93898000000.0,5415000000.0,0.0,311000000.0,16245000000.0,235000000.0,-7471000000.0,25342000000.0,34245000000.0,9255000000.0,-911000000.0,30344000000.0,-7037000000.0,-23824000000.0,16150000000.0,-750000000.0,16150000000.0,23794000000.0,19875000000.0,12883000000.0,5.0,8285000000.0,2798000000.0,-23511000000.0,2000000.0,2431000000.0,43812000000.0,-347000000.0,8.0,13.0,6.0,49.0,412444000000.0,-4034000000.0,61444000000.0,18762000000.0,0.0,336758000000.0,42623000000.0,53976000000.0,170811000000.0,165947000000.0,336758000000.0,259488000000.0,-229734000000.0,2015.0,3.85,4194805194.81
1752,XRAY,2015-12-31,463900000.0,-900000.0,10400000.0,11.0,-72000000.0,237800000.0,60.0,284600000.0,32100000.0,1600000.0,1157100000.0,251.0,0.0,160300000.0,134200000.0,385600000.0,329700000.0,-6600000.0,558800000.0,1987600000.0,57.0,1517200000.0,77000000.0,600700000.0,55900000.0,340400000.0,24400000.0,13100000.0,1141000000.0,0.0,-116800000.0,133000000.0,497400000.0,-302900000.0,-54900000.0,251200000.0,74000000.0,251200000.0,251200000.0,399900000.0,375200000.0,14.0,59100000.0,171800000.0,-594000000.0,0.0,-7300000.0,286200000.0,-6200000.0,12.0,14.0,9.0,180.0,3591000000.0,-157700000.0,1077300000.0,12100000.0,0.0,4402900000.0,1196700000.0,476000000.0,2338000000.0,2064900000.0,4402900000.0,2674300000.0,-898400000.0,2015.0,1.79,140335195.53100002
1756,XRX,2015-12-31,2265000000.0,408000000.0,0.0,5.0,-251000000.0,3017000000.0,26.0,1368000000.0,-101000000.0,1013000000.0,12782000000.0,127.0,0.0,0.0,1190000000.0,412000000.0,412000000.0,-88000000.0,1491000000.0,8823000000.0,29.0,5263000000.0,-23000000.0,1765000000.0,0.0,942000000.0,0.0,221000000.0,6382000000.0,3965000000.0,-370000000.0,-43000000.0,1611000000.0,-2074000000.0,508000000.0,474000000.0,-77000000.0,474000000.0,570000000.0,3634000000.0,412000000.0,2.0,2088000000.0,644000000.0,-4642000000.0,-1000000.0,759000000.0,3715000000.0,-522000000.0,2.0,5.0,3.0,109.0,9686000000.0,-1334000000.0,3792000000.0,985000000.0,0.0,24817000000.0,6685000000.0,5254000000.0,9074000000.0,15743000000.0,24817000000.0,18045000000.0,0.0,2015.0,0.42,1128571428.57
1760,XYL,2015-12-31,745000000.0,-24000000.0,9000000.0,16.0,-117000000.0,1834000000.0,83.0,680000000.0,23000000.0,2000000.0,2249000000.0,244.0,0.0,118000000.0,133000000.0,458000000.0,403000000.0,-53000000.0,439000000.0,1584000000.0,38.0,1404000000.0,63000000.0,435000000.0,55000000.0,433000000.0,0.0,6000000.0,1196000000.0,0.0,-3000000.0,17000000.0,464000000.0,-262000000.0,-132000000.0,340000000.0,-24000000.0,340000000.0,340000000.0,749000000.0,449000000.0,12.0,194000000.0,143000000.0,-238000000.0,-1000000.0,-15000000.0,436000000.0,10000000.0,11.0,19.0,9.0,191.0,885000000.0,-158000000.0,854000000.0,78000000.0,0.0,4657000000.0,2005000000.0,823000000.0,2084000000.0,2573000000.0,4657000000.0,3653000000.0,-399000000.0,2015.0,1.88,180851063.83
1764,YHOO,2015-12-31,1143349000.0,-39065000.0,-64682000.0,15.0,-554163000.0,8807273000.0,459.0,1631911000.0,0.0,959000.0,2077748000.0,588.0,0.0,13494992000.0,719892000.0,-4813176000.0,-4813176000.0,-23619000.0,1547323000.0,808114000.0,58.0,2890553000.0,-89598000.0,347269000.0,0.0,0.0,2446759000.0,-3427810000.0,1233485000.0,34651551000.0,0.0,-1032187000.0,-2383422000.0,-377258000.0,1752112000.0,-4359082000.0,4692826000.0,-4359082000.0,-4347982000.0,1047504000.0,-4748494000.0,96.0,342390000.0,602792000.0,16576031000.0,-275052000.0,-140484000.0,118689000.0,21842000.0,97.0,17.0,88.0,588.0,4570807000.0,-144641000.0,1768522000.0,0.0,4225112000.0,45203966000.0,7507319000.0,1277380000.0,29043537000.0,16160429000.0,45203966000.0,4968301000.0,-911533000.0,2015.0,-4.64,939457327.5860001
1768,YUM,2015-12-26,2165000000.0,-54000000.0,0.0,142.0,-973000000.0,0.0,27.0,840000000.0,58000000.0,0.0,9359000000.0,55.0,676000000.0,0.0,747000000.0,1921000000.0,1787000000.0,-6000000.0,4189000000.0,656000000.0,29.0,3746000000.0,489000000.0,271000000.0,134000000.0,229000000.0,0.0,148000000.0,3054000000.0,61000000.0,631000000.0,159000000.0,2139000000.0,-1292000000.0,-682000000.0,1293000000.0,-111000000.0,1293000000.0,1293000000.0,377000000.0,1921000000.0,15.0,534000000.0,242000000.0,-239000000.0,-55000000.0,291000000.0,958000000.0,53000000.0,14.0,196.0,10.0,47.0,1150000000.0,-1188000000.0,1746000000.0,923000000.0,0.0,8075000000.0,1688000000.0,3088000000.0,911000000.0,7164000000.0,8075000000.0,13105000000.0,0.0,2015.0,2.97,435353535.35400003
1772,ZBH,2015-12-31,432000000.0,-56100000.0,-27500000.0,1.0,-434100000.0,8195300000.0,100.0,1459300000.0,-205400000.0,3000000.0,1800600000.0,362.0,0.0,3150200000.0,712400000.0,439800000.0,153200000.0,-22600000.0,2062600000.0,9934200000.0,70.0,4197200000.0,7000000.0,8746300000.0,286600000.0,2254100000.0,588100000.0,-263100000.0,11556300000.0,0.0,-239900000.0,376000000.0,816700000.0,7139800000.0,-7557900000.0,147000000.0,341200000.0,147000000.0,147000000.0,1446500000.0,467300000.0,8.0,613500000.0,538400000.0,-329000000.0,0.0,-7711900000.0,1005700000.0,141500000.0,3.0,2.0,2.0,223.0,8347700000.0,-44800000.0,2291900000.0,0.0,164600000.0,27219500000.0,5862900000.0,1617900000.0,9887900000.0,17331600000.0,27219500000.0,5997800000.0,-6329100000.0,2015.0,0.78,188461538.462
1776,ZION,2015-12-31,0.0,0.0,-2530000.0,4.0,-157361000.0,0.0,,15763133000.0,0.0,4766731000.0,49344000.0,,0.0,0.0,151088000.0,520726000.0,451859000.0,0.0,912554000.0,1014129000.0,0.0,0.0,142388000.0,16272000.0,68867000.0,0.0,-2567082000.0,-5759000.0,0.0,49278450000.0,-187518000.0,-43623000.0,535169000.0,2071926000.0,-2650718000.0,309471000.0,139531000.0,246614000.0,309471000.0,0.0,0.0,0.0,921919000.0,0.0,-54612000.0,2520776000.0,73725000.0,623580000.0,-81615000.0,20.0,6.0,14.0,,1966910000.0,-153277000.0,1591239000.0,346987000.0,0.0,59669525000.0,0.0,0.0,7507519000.0,52162006000.0,59669525000.0,2210591000.0,0.0,2015.0,1.2,257892500.0
1780,ZTS,2016-12-31,1076000000.0,15000000.0,2000000.0,55.0,-216000000.0,1024000000.0,65.0,727000000.0,-101000000.0,5000000.0,1666000000.0,303.0,96000000.0,244000000.0,240000000.0,1394000000.0,1228000000.0,-23000000.0,1381000000.0,1481000000.0,66.0,3222000000.0,409000000.0,1228000000.0,166000000.0,1502000000.0,0.0,-323000000.0,4541000000.0,0.0,-405000000.0,-427000000.0,713000000.0,-903000000.0,-214000000.0,821000000.0,93000000.0,821000000.0,821000000.0,913000000.0,1392000000.0,28.0,73000000.0,248000000.0,-598000000.0,-32000000.0,2000000.0,248000000.0,-30000000.0,25.0,83.0,17.0,169.0,1477000000.0,-275000000.0,1364000000.0,0.0,0.0,7649000000.0,3390000000.0,1117000000.0,1487000000.0,6162000000.0,7649000000.0,4888000000.0,-421000000.0,,,
